SECCODE;BUYSELL;TIME;TRADENO;PRICE;VOLUME
USD000UTSTOM;S;100000044294;;69.78;2000
USD000UTSTOM;S;100000061749;;69.59;300000
EUR_RUB__TOM;B;100000073983;;77.02;5000
EUR_RUB__TOM;B;100000079785;;77.20;20000
EUR_RUB__TOM;B;100000082614;;77.21;25000
EUR_RUB__TOM;S;100000083598;;81.50;2000
EUR_RUB__TOM;B;100000085389;;77.80;1000
EUR_RUB__TOM;B;100000088166;;77.95;15000
USD000UTSTOM;B;100000099429;;69.26;125000
USDRUB_SPT;B;100000100002;;69.26;100000
USDRUB_SPT;S;100000100016;;69.61;200000
EUR_RUB__TOM;S;100000101096;;80.00;19000
EUR_RUB__TOM;S;100000106017;;80.00;20000
EUR_RUB__TOM;B;100000108500;;78.01;5000
EUR_RUB__TOM;B;100000116068;;78.43;1000
EUR_RUB__TOM;S;100000118658;;80.00;25000
EUR_RUB__TOM;S;100000126118;;80.00;55000
EUR_RUB__TOM;B;100000133647;;78.43;1000
EUR_RUB__TOM;B;100000143682;;78.85;8000
EUR_RUB__TOM;S;100000146061;;80.00;58000
EUR_RUB__TOM;S;100000148653;;80.00;94000
EUR_RUB__TOM;S;100000150796;;80.00;95000
EUR_RUB__TOM;S;100000151108;;79.90;1000
EUR_RUB__TOM;S;100000168288;;79.90;21000
EUR_RUB__TOM;B;100000192130;;79.02;1000000
EURUSD000TOM;S;100000197901;;1.15;500000
EURUSD000TOM;B;100000200686;;1.14;500000
USDRUB_SPT;S;100000233012;;69.58;100000
USDRUB_SPT;S;100000233453;;69.60;100000
EUR_RUB__TOM;S;100000239816;;79.90;25000
EUR_RUB__TOM;B;100000249924;;79.31;5000
EUR_RUB__TOM;B;100000254839;;79.55;9000
EUR_RUB__TOM;S;100000262415;;79.70;14000
USD000UTSTOM;B;100000272925;;69.28;125000
USDRUB_SPT;B;100000273367;;69.28;100000
USDRUB_SPT;B;100000273805;;69.27;100000
GBPRUB_TOM;B;100000280071;;85.76;8000
GBPRUB_TOM;B;100000284936;;87.60;1000
GBPRUB_TOM;B;100000287437;;87.81;1000
GBPRUB_TOM;S;100000289950;;95.00;14000
GBPRUB_TOM;S;100000292481;;89.50;5000
GLDRUB_TOM;S;100000293959;;2912.00;10
USDRUB_SPT;S;100000333387;;69.58;100000
USDRUB_SPT;S;100000333807;;69.60;100000
USDRUB_SPT;B;100000373826;;69.28;100000
USDRUB_SPT;B;100000374268;;69.27;100000
SLVRUB_TOM;S;100000409752;;34.44;100
SLVRUB_TOM;S;100000416310;;34.22;100
USDRUB_SPT;S;100000434169;;69.58;100000
USDRUB_SPT;S;100000434619;;69.60;100000
USD000UTSTOM;B;100000471289;;69.30;125000
USDRUB_SPT;B;100000473875;;69.30;100000
USDRUB_SPT;B;100000474336;;69.27;100000
EUR_RUB__TOM;B;100000479006;;79.55;16000
EUR_RUB__TOM;B;100000481828;;79.55;23000
SLVRUB_TOM;B;100000517643;;31.00;100
EUR_RUB__TOM;S;100000524044;;79.67;1000
USDRUB_SPT;S;100000535433;;69.58;100000
USDRUB_SPT;S;100000535854;;69.60;100000
USDRUB_SPT;B;100000574885;;69.30;200000
USDRUB_SPT;B;100000575346;;69.27;200000
CNYRUB_TOM;S;100000594079;;10.48;400000
CNYRUB_TOM;B;100000605365;;9.72;350000
GBPRUB_TOM;S;100000617706;;88.88;3000
USDRUB_SPT;S;100000635408;;69.58;100000
USDRUB_SPT;S;100000635856;;69.59;100000
USDRUB_SPT;B;100000675969;;69.30;200000
USDRUB_SPT;B;100000676439;;69.28;200000
USDRUB_SPT;S;100000735461;;69.58;100000
USDRUB_SPT;S;100000735886;;69.59;100000
USDRUB_SPT;B;100000777088;;69.30;200000
USDRUB_SPT;B;100000777508;;69.28;200000
USDRUB_SPT;S;100000835827;;69.58;100000
USDRUB_SPT;S;100000836279;;69.59;100000
USDRUB_SPT;B;100000862161;;69.39;100000
USDRUB_SPT;B;100000862572;;69.28;100000
USDRUB_SPT;S;100000938318;;69.54;100000
USDRUB_SPT;S;100000938770;;69.59;100000
USDRUB_SPT;B;100000962469;;69.47;100000
USDRUB_SPT;B;100000962878;;69.28;100000
USDRUB_SPT;S;100001038546;;69.61;200000
USDRUB_SPT;S;100001038969;;69.58;100000
USDRUB_SPT;S;100001039410;;69.60;100000
USDRUB_SPT;S;100001057146;;69.61;200000
USDRUB_SPT;S;100001057586;;69.60;100000
USDRUB_SPT;S;100001057998;;69.60;100000
USDRUB_SPT;B;100001063120;;69.39;100000
USDRUB_SPT;B;100001063539;;69.29;100000
USD000UTSTOM;B;100001086691;;69.30;130000
USDRUB_SPT;S;100001158269;;69.52;100000
USDRUB_SPT;S;100001158713;;69.60;100000
USDRUB_SPT;B;100001164447;;69.45;100000
USDRUB_SPT;B;100001164887;;69.29;100000
USD000UTSTOM;B;100001174201;;69.31;2000
USD000UTSTOM;B;100001179832;;69.36;2000
USD000UTSTOM;S;100001191060;;69.57;1000
USD000UTSTOM;B;100001215146;;69.52;3000
USD000UTSTOM;B;100001225762;;69.53;58000
USD000UTSTOM;S;100001230942;;69.56;151000
USDRUB_SPT;S;100001258621;;69.52;100000
USDRUB_SPT;S;100001259075;;69.60;100000
USDRUB_SPT;B;100001264404;;69.48;100000
USDRUB_SPT;B;100001264813;;69.29;100000
USDRUB_SPT;S;100001358379;;69.52;100000
USDRUB_SPT;S;100001358799;;69.60;100000
USDRUB_SPT;B;100001366796;;69.47;100000
USDRUB_SPT;B;100001367204;;69.29;100000
USDRUB_SPT;S;100001459077;;69.52;100000
USDRUB_SPT;S;100001459541;;69.59;100000
USDRUB_SPT;B;100001467898;;69.47;100000
USDRUB_SPT;B;100001468316;;69.30;100000
USDRUB_SPT;S;100001560384;;69.52;100000
USDRUB_SPT;S;100001560799;;69.59;100000
USDRUB_SPT;B;100001568866;;69.47;100000
USDRUB_SPT;B;100001569316;;69.30;100000
USDRUB_SPT;S;100001660435;;69.52;100000
USDRUB_SPT;S;100001660887;;69.59;100000
USDRUB_SPT;B;100001668462;;69.47;100000
USDRUB_SPT;B;100001668908;;69.30;100000
USDRUB_SPT;S;100001762490;;69.52;100000
USDRUB_SPT;S;100001762921;;69.59;100000
USDRUB_SPT;B;100001770823;;69.47;100000
USDRUB_SPT;B;100001771262;;69.30;100000
USDRUB_SPT;S;100001862646;;69.52;100000
USDRUB_SPT;S;100001863099;;69.58;100000
USDRUB_SPT;B;100001871233;;69.47;100000
USDRUB_SPT;B;100001871690;;69.31;100000
USDRUB_SPT;S;100001967041;;69.52;100000
USDRUB_SPT;S;100001967471;;69.58;100000
USDRUB_SPT;B;100001972220;;69.47;100000
USDRUB_SPT;B;100001972624;;69.31;100000
USDRUB_SPT;S;100002070320;;69.52;100000
USDRUB_SPT;S;100002070726;;69.58;100000
USDRUB_SPT;B;100002073585;;69.47;100000
USDRUB_SPT;B;100002074016;;69.31;100000
USDRUB_SPT;S;100002172768;;69.52;100000
USDRUB_SPT;S;100002173232;;69.58;100000
USDRUB_SPT;B;100002173413;;69.47;100000
USDRUB_SPT;B;100002173832;;69.31;100000
USDRUB_SPT;B;100002281925;;69.47;100000
USDRUB_SPT;S;100002281935;;69.52;100000
USDRUB_SPT;B;100002282383;;69.32;100000
USDRUB_SPT;S;100002282435;;69.57;100000
USDRUB_SPT;B;100002387061;;69.47;100000
USDRUB_SPT;S;100002387072;;69.52;100000
USDRUB_SPT;B;100002387510;;69.32;100000
USDRUB_SPT;S;100002387543;;69.57;100000
USDRUB_SPT;S;100002429515;;69.57;100000
USDRUB_SPT;S;100002432527;;-;-
USDRUB_SPT;B;100002432539;;-;-
USDRUB_SPT;B;100002432820;;69.32;100000
USDRUB_SPT;S;100002432839;;69.57;100000
USDRUB_SPT;B;100002435239;;-;-
USDRUB_SPT;S;100002435246;;-;-
USDRUB_SPT;B;100002965647;;69.47;100000
USDRUB_SPT;S;100002965656;;69.52;100000
USDRUB_SPT;B;100003415643;;69.47;100000
USDRUB_SPT;B;100003424373;;-;-
USDRUB_SPT;S;100003424390;;-;-
USDRUB_SPT;B;100003621233;;69.47;100000
USDRUB_SPT;S;100003621248;;69.52;100000
USDRUB_SPT;S;100003676361;;-;-
USDRUB_SPT;B;100003676381;;-;-
USDRUB_SPT;B;100003774266;;69.47;100000
USDRUB_SPT;S;100003774275;;69.52;100000
USDRUB_SPT;B;100004016179;;69.47;100000
USDRUB_SPT;B;100004016677;;69.47;100000
USDRUB_SPT;B;100004027461;;-;-
USDRUB_SPT;S;100004027473;;-;-
USD000UTSTOM;B;100005680407;185981525;69.56;151000
USD000UTSTOM;B;100005680407;;69.56;669000
USD000UTSTOM;S;100005680407;185981525;69.56;151000
USD000UTSTOM;S;100005680407;;69.57;1000
USDRUB_SPT;B;100005768136;;69.56;200000
USDRUB_SPT;S;100005768146;;69.61;200000
USDRUB_SPT;B;100005768516;;-;-
USDRUB_SPT;S;100005768559;;-;-
USD000UTSTOM;B;100005769326;185981526;69.56;34000
USD000UTSTOM;B;100005769326;;69.56;635000
USD000UTSTOM;S;100005769326;;69.55;34000
USD000UTSTOM;S;100005769326;185981526;69.56;34000
USD000UTSTOM;S;100005769326;;69.57;1000
USD000UTSTOM;B;100005769671;185981527;69.56;31000
USD000UTSTOM;B;100005769671;;69.56;604000
USD000UTSTOM;S;100005769671;;69.55;31000
USD000UTSTOM;S;100005769671;185981527;69.56;31000
USD000UTSTOM;S;100005769671;;69.57;1000
USD000UTSTOM;B;100005770006;185981528;69.56;25000
USD000UTSTOM;B;100005770006;;69.56;579000
USD000UTSTOM;S;100005770006;;69.55;25000
USD000UTSTOM;S;100005770006;185981528;69.56;25000
USD000UTSTOM;S;100005770006;;69.57;1000
USD000UTSTOM;B;100005770362;185981529;69.56;410000
USD000UTSTOM;B;100005770362;;69.56;169000
USD000UTSTOM;S;100005770362;;69.55;410000
USD000UTSTOM;S;100005770362;185981529;69.56;410000
USD000UTSTOM;S;100005770362;;69.57;1000
USDRUB_SPT;S;100005770776;;69.61;200000
USDRUB_SPT;B;100005770811;;69.56;200000
USDRUB_SPT;S;100005771120;;-;-
USDRUB_SPT;B;100005771176;;-;-
USD000UTSTOM;B;100005793636;185981530;69.56;150000
USD000UTSTOM;B;100005793636;;69.56;19000
USD000UTSTOM;S;100005793636;;69.56;150000
USD000UTSTOM;S;100005793636;185981530;69.56;150000
USD000UTSTOM;S;100005793636;;69.57;1000
USD000UTSTOM;B;100005793796;185981531;69.56;19000
USD000UTSTOM;B;100005793796;;69.53;58000
USD000UTSTOM;S;100005793796;;69.56;150000
USD000UTSTOM;S;100005793796;185981531;69.56;19000
USD000UTSTOM;S;100005793796;;69.56;131000
USD000UTSTOM;S;100005793796;;69.57;1000
USDRUB_SPT;B;100005794444;;69.49;200000
USDRUB_SPT;S;100005794453;;69.54;100000
USD000UTSTOM;S;100005807017;;69.55;90000
USD000UTSTOM;S;100005807163;;69.54;79000
USDRUB_SPT;B;100005809784;;69.49;100000
USD000UTSTOM;S;100005845495;;69.55;90000
USDRUB_SPT;S;100005898084;;69.54;100000
USDRUB_SPT;B;100005914265;;69.50;200000
USDRUB_SPT;B;100005914693;;69.49;200000
USDRUB_SPT;B;100005967338;;69.50;100000
USDRUB_SPT;B;100005967791;;69.49;100000
USDRUB_SPT;B;100006067425;;69.51;100000
USDRUB_SPT;B;100006067884;;69.49;100000
USDRUB_SPT;B;100006170012;;69.51;100000
USDRUB_SPT;B;100006170496;;69.50;100000
USDRUB_SPT;B;100006275308;;69.51;100000
USDRUB_SPT;B;100006275765;;69.50;100000
USDRUB_SPT;S;100006351723;;69.54;100000
USD000UTSTOM;S;100006357850;;69.54;55000
USDRUB_SPT;B;100006376157;;69.51;100000
USDRUB_SPT;B;100006376635;;69.50;100000
USDRUB_SPT;B;100006483677;;69.51;100000
USDRUB_SPT;B;100006484136;;69.50;100000
USDRUB_SPT;B;100006584132;;69.51;100000
USDRUB_SPT;B;100006584572;;69.51;100000
USD000UTSTOM;B;100006629844;185981532;69.53;58000
USD000UTSTOM;B;100006629844;;69.52;3000
USD000UTSTOM;S;100006629844;;69.53;200000
USD000UTSTOM;S;100006629844;185981532;69.53;58000
USD000UTSTOM;S;100006629844;;69.53;142000
USDRUB_SPT;S;100006630415;;69.54;100000
USDRUB_SPT;B;100006686157;;69.51;100000
USDRUB_SPT;B;100006785695;;69.51;100000
USDRUB_SPT;B;100006935139;;69.51;200000
USDRUB_SPT;B;100006937724;;69.51;100000
USDRUB_SPT;S;100007010358;;69.54;200000
USDRUB_SPT;B;100007155664;;69.51;100000
USDRUB_SPT;B;100007255939;;69.51;100000
USDRUB_SPT;S;100007296592;;69.54;100000
USDRUB_SPT;B;100007340900;;69.51;100000
USDRUB_SPT;B;100007444802;;69.51;100000
USDRUB_SPT;B;100007529904;;69.51;100000
USDRUB_SPT;B;100007630492;;69.51;100000
USDRUB_SPT;B;100007731183;;69.51;100000
USDRUB_SPT;B;100007748534;;69.51;100000
USDRUB_SPT;B;100007850746;;69.51;100000
USDRUB_SPT;B;100007851212;;69.51;100000
USDRUB_SPT;B;100007938847;;69.51;100000
USDRUB_SPT;B;100008042424;;69.51;100000
USDRUB_SPT;B;100008042899;;69.51;100000
USDRUB_SPT;B;100008143317;;69.51;100000
USDRUB_SPT;B;100008158008;;69.51;100000
USDRUB_SPT;B;100008263479;;69.51;100000
USDRUB_SPT;B;100008263957;;69.51;100000
USDRUB_SPT;B;100008365774;;69.51;100000
USDRUB_SPT;B;100008373679;;69.51;100000
USDRUB_SPT;B;100008506700;;69.51;100000
USDRUB_SPT;B;100008607205;;69.51;100000
USDRUB_SPT;B;100008623195;;69.51;100000
USDRUB_SPT;B;100008722967;;69.51;100000
USDRUB_SPT;B;100008748667;;69.50;100000
USDRUB_SPT;B;100008861335;;69.51;100000
USDRUB_SPT;B;100008861838;;69.50;100000
USDRUB_SPT;B;100008908272;;69.50;100000
USDRUB_SPT;B;100009008419;;69.50;100000
USDRUB_SPT;B;100009126683;;69.50;100000
USDRUB_SPT;B;100009241595;;69.51;100000
USDRUB_SPT;B;100009242078;;69.50;100000
USDRUB_SPT;B;100009251527;;69.50;100000
USDRUB_SPT;B;100009353239;;69.50;100000
USDRUB_SPT;B;100009469669;;69.50;100000
USD000UTSTOM;B;100011517771;185981533;69.53;9000
USD000UTSTOM;S;100011517771;185981533;69.53;9000
USD000UTSTOM;S;100011517771;;69.53;133000
USDRUB_SPT;B;100012024144;;69.51;100000
USDRUB_SPT;B;100012024614;;69.50;100000
USDRUB_SPT;B;100012126066;;69.51;100000
USDRUB_SPT;B;100012373665;;69.51;200000
USDRUB_SPT;B;100012376729;;69.51;100000
USDRUB_SPT;B;100012478120;;69.51;100000
USDRUB_SPT;B;100012577879;;69.51;100000
USDRUB_SPT;B;100012623348;;69.51;100000
USDRUB_SPT;B;100012733283;;69.51;100000
USDRUB_SPT;B;100012844980;;69.51;100000
USDRUB_SPT;B;100012873489;;69.51;100000
USDRUB_SPT;B;100012975133;;69.51;100000
USDRUB_SPT;B;100013083980;;69.51;100000
USDRUB_SPT;B;100013123370;;69.51;100000
USDRUB_SPT;B;100013231729;;69.51;100000
USDRUB_SPT;B;100013342132;;69.51;100000
USDRUB_SPT;B;100013405328;;69.51;200000
USDRUB_SPT;B;100013408114;;69.51;100000
USDRUB_SPT;B;100013528423;;69.51;200000
USDRUB_SPT;B;100013531125;;69.51;100000
USDRUB_SPT;B;100013623534;;69.51;200000
USDRUB_SPT;B;100013626408;;69.51;100000
USDRUB_SPT;B;100013777880;;69.51;200000
USDRUB_SPT;B;100013780620;;69.51;100000
USDRUB_SPT;B;100013842108;;69.51;200000
USDRUB_SPT;B;100013845006;;69.51;100000
USDRUB_SPT;B;100013957861;;69.51;100000
USDRUB_SPT;B;100013967387;;69.51;200000
USDRUB_SPT;B;100013970403;;69.51;100000
USDRUB_SPT;B;100014092469;;69.51;200000
USDRUB_SPT;B;100014095648;;69.51;100000
USDRUB_SPT;B;100014189172;;69.51;100000
USDRUB_SPT;S;100014189202;;69.55;100000
USDRUB_SPT;B;100014299916;;69.51;100000
USDRUB_SPT;B;100014300414;;69.51;100000
USDRUB_SPT;B;100014403229;;69.51;100000
USDRUB_SPT;B;100014403713;;69.51;100000
USDRUB_SPT;B;100014434349;;69.51;200000
USDRUB_SPT;B;100014437434;;69.51;100000
USDRUB_SPT;S;100014437438;;69.55;200000
USDRUB_SPT;S;100014501455;;69.55;100000
USDRUB_SPT;B;100014543468;;69.51;100000
USDRUB_SPT;B;100014543951;;69.51;100000
USDRUB_SPT;B;100014644928;;69.51;100000
USDRUB_SPT;B;100014645381;;69.51;100000
USDRUB_SPT;B;100014701518;;69.51;200000
USDRUB_SPT;B;100014704274;;69.51;100000
USDRUB_SPT;S;100014704279;;69.55;200000
USDRUB_SPT;S;100014751341;;69.55;100000
USDRUB_SPT;B;100014822121;;69.51;100000
USDRUB_SPT;B;100014822595;;69.51;100000
USDRUB_SPT;B;100014842182;;69.51;200000
USDRUB_SPT;B;100014845361;;69.51;100000
USDRUB_SPT;S;100014851145;;69.55;200000
USD000UTSTOM;B;100014859721;185981534;69.52;1000
USD000UTSTOM;B;100014859721;;69.52;2000
USD000UTSTOM;S;100014859721;185981534;69.52;1000
USDRUB_SPT;S;100014906134;;69.55;100000
USDRUB_SPT;B;100014945029;;69.51;100000
USDRUB_SPT;B;100014945456;;69.51;100000
USDRUB_SPT;B;100015027611;;69.51;200000
USDRUB_SPT;B;100015030417;;69.51;100000
USDRUB_SPT;S;100015030422;;69.55;200000
USDRUB_SPT;S;100015061941;;69.55;100000
USDRUB_SPT;B;100015136291;;69.51;100000
USDRUB_SPT;B;100015136752;;69.51;100000
USDRUB_SPT;B;100015201834;;69.51;200000
USDRUB_SPT;B;100015204631;;69.51;100000
USDRUB_SPT;S;100015204636;;69.55;200000
USDRUB_SPT;B;100015309224;;69.51;200000
USDRUB_SPT;B;100015311980;;69.51;100000
USDRUB_SPT;S;100015311989;;69.55;100000
USDRUB_SPT;B;100015412376;;69.51;100000
USDRUB_SPT;B;100015412809;;69.51;100000
USDRUB_SPT;B;100015512564;;69.51;100000
USDRUB_SPT;B;100015592160;;69.51;200000
USDRUB_SPT;B;100015594949;;69.51;100000
USDRUB_SPT;B;100015695074;;69.51;100000
USDRUB_SPT;B;100015795346;;69.51;100000
USDRUB_SPT;B;100015873375;;69.51;200000
USDRUB_SPT;B;100015876316;;69.51;100000
USDRUB_SPT;B;100015998492;;69.51;200000
USDRUB_SPT;B;100016001454;;69.51;100000
USDRUB_SPT;B;100016106226;;69.51;100000
USDRUB_SPT;B;100016211146;;69.52;100000
USDRUB_SPT;B;100016211584;;69.51;100000
USDRUB_SPT;B;100016248438;;69.51;200000
USDRUB_SPT;B;100016251341;;69.51;100000
USDRUB_SPT;B;100016373473;;69.51;200000
USDRUB_SPT;B;100016376422;;69.51;100000
USDRUB_SPT;B;100016486166;;69.51;100000
USDRUB_SPT;B;100016590571;;69.51;100000
USDRUB_SPT;B;100016653198;;69.51;200000
USDRUB_SPT;B;100016655977;;69.51;100000
USDRUB_SPT;B;100016777515;;69.51;200000
USDRUB_SPT;B;100016780252;;69.51;100000
USDRUB_SPT;B;100016880215;;69.51;100000
USDRUB_SPT;B;100016989584;;69.51;100000
USDRUB_SPT;B;100017060459;;69.51;200000
USDRUB_SPT;B;100017063313;;69.51;100000
USDRUB_SPT;B;100017199422;;69.51;200000
USDRUB_SPT;B;100017202477;;69.51;100000
USDRUB_SPT;B;100017311382;;69.51;100000
USDRUB_SPT;B;100017422752;;69.51;100000
USDRUB_SPT;B;100017434311;;69.51;200000
USDRUB_SPT;B;100017437103;;69.51;100000
USDRUB_SPT;B;100017541992;;69.51;100000
USDRUB_SPT;B;100017643509;;69.51;100000
USDRUB_SPT;B;100017751062;;69.51;100000
USDRUB_SPT;B;100017780282;;69.51;200000
USDRUB_SPT;B;100017783055;;69.51;100000
USDRUB_SPT;B;100017903022;;69.51;200000
USDRUB_SPT;B;100017905864;;69.51;100000
USDRUB_SPT;B;100018012225;;69.51;100000
USDRUB_SPT;B;100018126562;;69.51;100000
USDRUB_SPT;B;100018201526;;69.51;200000
USDRUB_SPT;B;100018204286;;69.51;100000
USDRUB_SPT;B;100018310609;;69.51;100000
USDRUB_SPT;B;100018411660;;69.51;100000
SLVRUB_TOM;B;100018434393;;31.00;400
USDRUB_SPT;B;100018517419;;69.51;100000
USDRUB_SPT;B;100018528522;;69.51;200000
USDRUB_SPT;B;100018531381;;69.51;100000
USDRUB_SPT;B;100018652646;;69.51;200000
USDRUB_SPT;B;100018655397;;69.51;100000
USDRUB_SPT;B;100018757854;;69.51;100000
USDRUB_SPT;B;100018860705;;69.51;100000
USDRUB_SPT;B;100018872664;;69.51;200000
USDRUB_SPT;B;100018875503;;69.51;100000
USDRUB_SPT;B;100018977075;;69.51;100000
USDRUB_SPT;B;100019084333;;69.51;100000
USDRUB_SPT;B;100019123487;;69.51;200000
USDRUB_SPT;B;100019126287;;69.51;100000
EUR_RUB__TOM;B;100019179226;;79.55;25000
USDRUB_SPT;B;100019248484;;69.51;200000
USDRUB_SPT;B;100019251325;;69.51;100000
USDRUB_SPT;B;100019364492;;69.51;100000
USDRUB_SPT;B;100019373300;;69.51;200000
USDRUB_SPT;B;100019376135;;69.51;100000
USDRUB_SPT;B;100019498375;;69.51;200000
USDRUB_SPT;B;100019501397;;69.51;100000
USDRUB_SPT;B;100019592712;;69.51;200000
USDRUB_SPT;B;100019595733;;69.51;100000
USDRUB_SPT;B;100019716319;;69.51;200000
USDRUB_SPT;B;100019719341;;69.51;100000
USDRUB_SPT;B;100019821200;;69.51;100000
USDRUB_SPT;B;100019821623;;69.51;100000
USDRUB_SPT;B;100019876345;;69.51;100000
USDRUB_SPT;B;100019998443;;69.51;200000
USDRUB_SPT;B;100020001446;;69.51;100000
USDRUB_SPT;B;100020123436;;69.51;100000
USDRUB_SPT;B;100020126564;;69.51;100000
USDRUB_SPT;B;100020249132;;69.51;200000
USDRUB_SPT;B;100020252118;;69.51;100000
EUR_RUB__TOM;S;100020349836;;79.66;100000
USDRUB_SPT;B;100020360010;;69.51;100000
USDRUB_SPT;B;100020405528;;69.51;100000
EUR_RUB__TOM;B;100020479866;185981536;79.66;5000
EUR_RUB__TOM;S;100020479866;185981536;79.66;5000
EUR_RUB__TOM;S;100020479866;;79.66;95000
EUR_RUB__TOM;B;100020480273;185981537;79.66;25000
EUR_RUB__TOM;S;100020480273;185981537;79.66;25000
EUR_RUB__TOM;S;100020480273;;79.66;70000
USDRUB_SPT;B;100020527821;;69.51;200000
USDRUB_SPT;B;100020530568;;69.51;100000
USDRUB_SPT;B;100020632227;;69.51;100000
USDRUB_SPT;B;100020655602;;69.51;100000
USD000UTSTOM;B;100020742953;;69.52;3000
USDRUB_SPT;B;100020810895;;69.51;200000
USDRUB_SPT;B;100020813681;;69.51;100000
USDRUB_SPT;B;100020921760;;69.51;100000
USDRUB_SPT;B;100020938566;;69.51;100000
USD000UTSTOM;B;100020947659;185981538;69.53;11000
USD000UTSTOM;S;100020947659;185981538;69.53;11000
USD000UTSTOM;S;100020947659;;69.53;122000
USDRUB_SPT;B;100021039700;;69.51;100000
USD000UTSTOM;B;100021105423;185981539;69.53;100000
USD000UTSTOM;S;100021105423;185981539;69.53;100000
USD000UTSTOM;S;100021105423;;69.53;22000
USDRUB_SPT;B;100021146359;;69.51;100000
USDRUB_SPT;B;100021157509;;69.51;100000
USDRUB_SPT;B;100021278424;;69.51;200000
USDRUB_SPT;B;100021281191;;69.51;100000
USDRUB_SPT;B;100021345113;;69.51;100000
USD000UTSTOM;B;100021408179;185981540;69.53;1000
USD000UTSTOM;S;100021408179;185981540;69.53;1000
USD000UTSTOM;S;100021408179;;69.53;21000
USDRUB_SPT;B;100021560765;;69.51;100000
USDRUB_SPT;B;100021595052;;69.51;100000
USDRUB_SPT;B;100021777462;;69.51;100000
USDRUB_SPT;B;100021879692;;69.51;100000
USDRUB_SPT;B;100021904922;;69.51;100000
CNYRUB_TOM;B;100021959136;;9.72;100000
USDRUB_SPT;B;100022031921;;69.51;100000
USDRUB_SPT;B;100022138564;;69.51;100000
USDRUB_SPT;B;100022156073;;69.51;100000
USDRUB_SPT;B;100022313798;;69.51;100000
USDRUB_SPT;B;100022414220;;69.51;100000
USDRUB_SPT;B;100022438090;;69.50;100000
USDRUB_SPT;B;100022539339;;69.51;100000
USDRUB_SPT;B;100022641301;;69.51;100000
USDRUB_SPT;B;100022672548;;69.50;100000
USDRUB_SPT;S;100022672612;;69.54;100000
USDRUB_SPT;B;100022673224;;69.49;100000
USD000UTSTOM;S;100022673640;;69.53;53000
USDRUB_SPT;S;100022674225;;69.54;100000
USDRUB_SPT;B;100022674297;;69.48;200000
USDRUB_SPT;B;100022675288;;69.49;100000
USDRUB_SPT;S;100022776020;;69.54;100000
USDRUB_SPT;S;100022776472;;69.54;100000
USDRUB_SPT;S;100022891922;;69.54;100000
USD000UTSTOM;S;100023028309;;69.53;103000
USD000UTSTOM;S;100023028316;;69.53;50000
USDRUB_SPT;S;100023028332;;69.52;100000
USDRUB_SPT;S;100023029113;;69.54;100000
USDRUB_SPT;S;100023149143;;69.52;100000
USDRUB_SPT;S;100023149607;;69.53;100000
USDRUB_SPT;S;100023257028;;69.52;100000
USDRUB_SPT;S;100023257471;;69.53;100000
USDRUB_SPT;B;100023262880;;69.48;200000
USDRUB_SPT;S;100023369024;;69.52;100000
USDRUB_SPT;S;100023369543;;69.53;100000
USDRUB_SPT;S;100023435700;;69.54;100000
USDRUB_SPT;B;100023435708;;69.49;100000
USD000UTSTOM;S;100023441557;;69.53;103000
USD000UTSTOM;S;100023441565;;69.53;53000
USDRUB_SPT;S;100023442031;;69.54;100000
USDRUB_SPT;S;100023702315;;69.53;100000
USDRUB_SPT;S;100023702988;;69.54;100000
USDRUB_SPT;S;100023708179;;69.54;100000
USDRUB_SPT;S;100023815993;;69.53;100000
USDRUB_SPT;S;100023816445;;69.54;100000
USDRUB_SPT;S;100023937457;;69.53;100000
USDRUB_SPT;S;100023937907;;69.54;100000
USDRUB_SPT;S;100024037719;;69.53;100000
USDRUB_SPT;S;100024038176;;69.54;100000
USDRUB_SPT;S;100024164638;;69.53;100000
USDRUB_SPT;S;100024165091;;69.53;100000
USDRUB_SPT;S;100024265626;;69.53;100000
USD000UTSTOM;B;100024594985;185981541;69.53;53000
USD000UTSTOM;B;100024594985;;69.53;97000
USD000UTSTOM;S;100024594985;185981541;69.53;53000
USD000UTSTOM;S;100024594985;;69.53;71000
USD000UTSTOM;B;100024594985;185981542;69.53;21000
USD000UTSTOM;B;100024594985;;69.53;76000
USD000UTSTOM;S;100024594985;185981542;69.53;21000
USD000UTSTOM;S;100024594985;;69.53;50000
USD000UTSTOM;B;100024594985;185981543;69.53;50000
USD000UTSTOM;B;100024594985;;69.53;26000
USD000UTSTOM;S;100024594985;185981543;69.53;50000
USD000UTSTOM;S;100024594985;;69.53;50000
USD000UTSTOM;S;100024595563;;69.54;50000
USD000UTSTOM;S;100024595605;;69.54;50000
USDRUB_SPT;B;100024595615;;-;-
USDRUB_SPT;S;100024595621;;-;-
USDRUB_SPT;S;100024598492;;69.55;100000
USDRUB_SPT;B;100024598498;;69.47;200000
USDRUB_SPT;B;100024599381;;69.49;100000
USDRUB_SPT;B;100024599806;;69.47;100000
USDRUB_SPT;B;100024701489;;69.49;100000
USDRUB_SPT;S;100024701499;;69.54;100000
USDRUB_SPT;B;100024701954;;69.47;100000
USDRUB_SPT;B;100024811000;;69.49;100000
USDRUB_SPT;B;100024811431;;69.47;100000
USDRUB_SPT;S;100024880358;;69.54;100000
USDRUB_SPT;B;100024914005;;69.49;100000
USDRUB_SPT;B;100024914453;;69.48;100000
USD000UTSTOM;B;100024944538;185981544;69.53;2000
USD000UTSTOM;B;100024944538;;69.53;24000
USD000UTSTOM;S;100024944538;185981544;69.53;2000
USDRUB_SPT;B;100025018485;;69.49;100000
USDRUB_SPT;B;100025018963;;69.48;100000
USDRUB_SPT;B;100025138796;;69.49;100000
USDRUB_SPT;B;100025139276;;69.48;100000
USDRUB_SPT;B;100025239521;;69.49;100000
USDRUB_SPT;B;100025239985;;69.48;100000
USDRUB_SPT;B;100025341385;;69.49;100000
USDRUB_SPT;B;100025341827;;69.49;100000
USDRUB_SPT;B;100025518501;;69.49;100000
USDRUB_SPT;B;100025680841;;69.49;100000
USDRUB_SPT;S;100025907606;;69.54;100000
USDRUB_SPT;B;100026247930;;69.49;100000
USDRUB_SPT;B;100026478521;;69.51;200000
USD000UTSTOM;S;100026478562;;69.54;105000
USDRUB_SPT;B;100026478992;;69.50;200000
USDRUB_SPT;B;100026582275;;69.51;200000
USDRUB_SPT;B;100026582726;;69.50;200000
USDRUB_SPT;B;100026702325;;69.51;200000
USDRUB_SPT;B;100026702730;;69.50;200000
USDRUB_SPT;B;100026853399;;69.51;200000
USDRUB_SPT;B;100026853877;;69.50;200000
USDRUB_SPT;B;100026954417;;69.51;200000
USDRUB_SPT;B;100026954887;;69.51;200000
USDRUB_SPT;B;100027054734;;69.51;200000
EUR_RUB__TOM;B;100027080162;185981545;79.66;2000
EUR_RUB__TOM;S;100027080162;185981545;79.66;2000
EUR_RUB__TOM;S;100027080162;;79.66;68000
USDRUB_SPT;S;100027494647;;69.55;100000
USDRUB_SPT;B;100027600187;;69.51;100000
USD000UTSTOM;S;100027673309;;69.54;55000
USDRUB_SPT;B;100028682552;;69.51;200000
USDRUB_SPT;S;100028682571;;69.56;100000
USDRUB_SPT;S;100028685370;;69.56;100000
USDRUB_SPT;S;100028787732;;69.55;100000
USDRUB_SPT;S;100028788186;;69.56;100000
USDRUB_SPT;B;100028856031;;69.51;200000
USDRUB_SPT;S;100028888393;;69.55;100000
USDRUB_SPT;S;100028888829;;69.56;100000
USDRUB_SPT;B;100028957277;;69.51;200000
USDRUB_SPT;S;100029016305;;69.55;100000
USDRUB_SPT;S;100029016749;;69.56;100000
USDRUB_SPT;S;100029116349;;69.55;100000
USDRUB_SPT;S;100029116763;;69.55;100000
USDRUB_SPT;B;100029149935;;69.51;100000
USDRUB_SPT;S;100029219508;;69.55;100000
USDRUB_SPT;S;100029219974;;69.55;100000
USDRUB_SPT;S;100029324607;;69.55;100000
USDRUB_SPT;S;100029325063;;69.55;100000
USDRUB_SPT;S;100029428239;;69.55;100000
USDRUB_SPT;B;100029587660;;69.53;100000
USDRUB_SPT;B;100029588096;;69.51;100000
USD000UTSTOM;B;100029603692;185981547;69.54;2000
USD000UTSTOM;S;100029603692;185981547;69.54;2000
USD000UTSTOM;S;100029603692;;69.54;53000
USDRUB_SPT;B;100029694523;;69.53;100000
USDRUB_SPT;B;100029694976;;69.51;100000
USDRUB_SPT;B;100029797216;;69.53;100000
USDRUB_SPT;B;100029797664;;69.52;100000
USDRUB_SPT;B;100029898765;;69.53;100000
USDRUB_SPT;B;100029899199;;69.52;100000
USDRUB_SPT;B;100030009014;;69.53;100000
USDRUB_SPT;B;100030009482;;69.52;100000
USDRUB_SPT;B;100030120603;;69.53;100000
USDRUB_SPT;B;100030121053;;69.52;100000
USDRUB_SPT;B;100030248622;;69.53;100000
USDRUB_SPT;B;100030249046;;69.53;100000
GBPRUB_TOM;B;100030271479;;88.00;2000
USDRUB_SPT;B;100030356641;;69.53;100000
USDRUB_SPT;B;100030357130;;69.53;100000
USDRUB_SPT;B;100030458080;;69.53;100000
USDRUB_SPT;B;100030458540;;69.53;100000
USDRUB_SPT;B;100030580048;;69.53;100000
USD000UTSTOM;B;100033246142;;69.53;3524000
USDRUB_SPT;B;100033246648;;69.54;200000
CNYRUB_TOM;B;100033793378;;9.73;100000
USDRUB_SPT;S;100035439088;;69.55;100000
USDRUB_SPT;S;100035551795;;69.55;100000
USDRUB_SPT;S;100035552270;;69.55;100000
USDRUB_SPT;S;100035667785;;69.55;100000
USD000UTSTOM;B;100035832353;185981550;69.53;1000
USD000UTSTOM;B;100035832353;;69.53;3523000
USD000UTSTOM;S;100035832353;185981550;69.53;1000
USDRUB_SPT;S;100035938565;;69.56;100000
USDRUB_SPT;S;100035941291;;69.56;100000
USDRUB_SPT;S;100036079116;;69.55;100000
USDRUB_SPT;S;100036079601;;69.56;100000
USDRUB_SPT;S;100037686603;;69.55;100000
USDRUB_SPT;S;100037687070;;69.56;100000
USDRUB_SPT;S;100037791038;;69.55;100000
USD000UTSTOM;B;100039223451;185981552;69.53;1000
USD000UTSTOM;B;100039223451;;69.53;3522000
USD000UTSTOM;S;100039223451;185981552;69.53;1000
CNYRUB_TOM;S;100039728771;;10.48;20000
USD000UTSTOM;B;100041246077;185981553;69.54;1000
USD000UTSTOM;S;100041246077;185981553;69.54;1000
USD000UTSTOM;S;100041246077;;69.54;52000
USDRUB_SPT;S;100041398016;;69.56;100000
USD000UTSTOM;B;100041838951;185981554;69.54;3000
USD000UTSTOM;S;100041838951;185981554;69.54;3000
USD000UTSTOM;S;100041838951;;69.54;49000
USDRUB_SPT;S;100042025629;;69.56;100000
USDRUB_SPT;S;100042231941;;69.56;100000
USD000UTSTOM;S;100043268247;;69.54;50000
USD000UTSTOM;B;100043745763;;69.54;3000
USD000UTSTOM;B;100044542874;185981555;69.54;49000
USD000UTSTOM;B;100044542874;;69.54;51000
USD000UTSTOM;S;100044542874;185981555;69.54;49000
USD000UTSTOM;S;100044542874;;69.54;1000
USD000UTSTOM;B;100044542874;185981556;69.54;1000
USD000UTSTOM;B;100044542874;;69.54;50000
USD000UTSTOM;S;100044542874;185981556;69.54;1000
USD000UTSTOM;S;100044542874;;69.55;7000
USDRUB_SPT;S;100044543598;;69.57;100000
CNYRUB_TOM;S;100045040473;;10.42;50000
GLDRUB_TOM;B;100048015810;;2780.00;20
USD000UTSTOM;B;100048167008;185981557;69.55;7000
USD000UTSTOM;B;100048167008;;69.57;93000
USD000UTSTOM;S;100048167008;185981557;69.55;7000
USD000UTSTOM;S;100048167008;;69.55;64000
USD000UTSTOM;B;100048167008;185981558;69.55;64000
USD000UTSTOM;B;100048167008;;69.57;29000
USD000UTSTOM;S;100048167008;185981558;69.55;64000
USD000UTSTOM;S;100048167008;;69.56;50000
USD000UTSTOM;B;100048167008;185981559;69.56;29000
USD000UTSTOM;B;100048167008;;69.54;50000
USD000UTSTOM;S;100048167008;185981559;69.56;29000
USD000UTSTOM;S;100048167008;;69.56;21000
USDRUB_SPT;S;100048167677;;69.57;100000
USD000UTSTOM;S;100048168428;;69.57;50000
USD000UTSTOM;S;100048168455;;69.57;51000
USDRUB_SPT;S;100048170463;;69.57;100000
USDRUB_SPT;S;100048195426;;69.58;100000
USDRUB_SPT;S;100048923370;;69.57;100000
USDRUB_SPT;S;100049054323;;69.58;100000
USD000UTSTOM;B;100049701211;185981560;69.54;50000
USD000UTSTOM;B;100049701211;;69.54;3000
USD000UTSTOM;S;100049701211;;69.54;100000
USD000UTSTOM;S;100049701211;185981560;69.54;50000
USD000UTSTOM;S;100049701211;;69.54;50000
USDRUB_SPT;S;100049701825;;69.57;100000
USDRUB_SPT;S;100049702279;;69.57;100000
USDRUB_SPT;S;100049829456;;69.57;100000
USDRUB_SPT;S;100049829902;;69.57;100000
USDRUB_SPT;S;100049932461;;69.57;100000
USDRUB_SPT;S;100049932927;;69.57;100000
USDRUB_SPT;S;100050074326;;69.57;100000
EUR_RUB__TOM;B;100052034356;185981561;79.66;2000
EUR_RUB__TOM;S;100052034356;185981561;79.66;2000
EUR_RUB__TOM;S;100052034356;;79.66;66000
USD000UTSTOM;B;100052400298;185981562;69.54;50000
USD000UTSTOM;S;100052400298;185981562;69.54;50000
USD000UTSTOM;S;100052400298;;69.57;51000
USDRUB_SPT;S;100052400850;;69.57;100000
USDRUB_SPT;S;100052403581;;69.58;100000
USDRUB_SPT;S;100054980664;;69.58;200000
USDRUB_SPT;S;100054983563;;69.58;100000
USDRUB_SPT;S;100054986406;;69.59;100000
USD000UTSTOM;S;100055038807;;69.57;1000
EURUSD000TOM;B;100055156420;;1.14;5000
EUR_RUB__TOM;B;100055579672;;79.55;325000
USDRUB_SPT;S;100055610743;;69.58;100000
USDRUB_SPT;S;100055611195;;69.58;100000
USDRUB_SPT;S;100055710739;;69.58;100000
USDRUB_SPT;S;100055865501;;69.57;100000
USDRUB_SPT;S;100055865932;;69.58;100000
USDRUB_SPT;S;100056003770;;69.57;100000
USDRUB_SPT;S;100056004228;;69.58;100000
USDRUB_SPT;S;100056088212;;69.58;100000
USDRUB_SPT;S;100056198932;;69.57;100000
USDRUB_SPT;S;100056199410;;69.58;100000
USDRUB_SPT;S;100056306110;;69.58;100000
USD000UTSTOM;B;100056729439;185981563;69.54;3000
USD000UTSTOM;B;100056729439;;69.53;8522000
USD000UTSTOM;S;100056729439;;69.53;5000000
USD000UTSTOM;S;100056729439;185981563;69.54;3000
USD000UTSTOM;S;100056729439;;69.53;4997000
USD000UTSTOM;B;100056729439;185981564;69.53;22000
USD000UTSTOM;B;100056729439;;69.53;8500000
USD000UTSTOM;S;100056729439;185981564;69.53;22000
USD000UTSTOM;S;100056729439;;69.53;4975000
USD000UTSTOM;B;100056729439;185981565;69.53;3500000
USD000UTSTOM;B;100056729439;;69.53;5000000
USD000UTSTOM;S;100056729439;185981565;69.53;3500000
USD000UTSTOM;S;100056729439;;69.53;1475000
USD000UTSTOM;B;100056729439;185981566;69.53;1475000
USD000UTSTOM;B;100056729439;;69.53;3525000
USD000UTSTOM;S;100056729439;185981566;69.53;1475000
USD000UTSTOM;S;100056729439;;69.57;1000
USD000UTSTOM;S;100057570175;;69.55;1000
USDRUB_SPT;S;100057573479;;69.58;100000
USDRUB_SPT;S;100057722574;;69.57;100000
USDRUB_SPT;S;100057723016;;69.58;100000
USDRUB_SPT;S;100057807894;;69.58;100000
USDRUB_SPT;S;100058135349;;69.57;100000
USDRUB_SPT;S;100058135859;;69.58;100000
USDRUB_SPT;S;100058236279;;69.57;100000
USDRUB_SPT;S;100058236748;;69.57;100000
USDRUB_SPT;S;100058393107;;69.57;100000
USDRUB_SPT;S;100058393593;;69.57;100000
USDRUB_SPT;S;100058538723;;69.57;100000
USDRUB_SPT;S;100058539181;;69.57;100000
USDRUB_SPT;S;100058658522;;69.56;100000
USDRUB_SPT;S;100058658953;;69.57;100000
USD000UTSTOM;B;100058698267;185981568;69.55;1000
USD000UTSTOM;S;100058698267;185981568;69.55;1000
USD000UTSTOM;S;100058698267;;69.57;1000
USDRUB_SPT;S;100058783383;;69.56;100000
USD000UTSTOM;B;100058961833;185981569;69.57;1000
USD000UTSTOM;S;100058961833;185981569;69.57;1000
USD000UTSTOM;S;100058961833;;69.57;50000
USD000UTSTOM;B;100058961833;185981570;69.57;49000
USD000UTSTOM;S;100058961833;185981570;69.57;49000
USD000UTSTOM;S;100058961833;;69.57;1000
USDRUB_SPT;S;100058965318;;69.57;100000
USD000UTSTOM;S;100059032586;;69.57;50000
USD000UTSTOM;B;100059161994;;69.54;15000
EUR_RUB__TOM;B;100059174970;185981571;79.66;20000
EUR_RUB__TOM;S;100059174970;185981571;79.66;20000
EUR_RUB__TOM;S;100059174970;;79.66;46000
USD000UTSTOM;S;100059199286;;69.57;100000
USDRUB_SPT;S;100059719298;;69.57;100000
USD000UTSTOM;S;100059734900;;69.57;50000
USDRUB_SPT;S;100059896948;;69.57;100000
USD000UTSTOM;B;100100034162;185981572;69.54;15000
USD000UTSTOM;B;100100034162;;69.53;3525000
USD000UTSTOM;S;100100034162;185981572;69.54;15000
USD000UTSTOM;B;100100034162;185981573;69.53;165000
USD000UTSTOM;B;100100034162;;69.53;3360000
USD000UTSTOM;S;100100034162;185981573;69.53;165000
USDRUB_SPT;S;100100632551;;69.56;100000
USDRUB_SPT;S;100100633121;;69.57;100000
USDRUB_SPT;S;100100743956;;69.56;100000
USD000UTSTOM;S;100100807596;;69.57;50000
USD000UTSTOM;S;100100808091;;69.57;100000
USDRUB_SPT;S;100100918585;;69.57;100000
USDRUB_SPT;S;100101080812;;69.58;100000
USD000UTSTOM;S;100101123579;;69.57;15000
USDRUB_SPT;S;100101182652;;69.57;100000
USDRUB_SPT;S;100101183105;;69.58;100000
USDRUB_SPT;S;100101283002;;69.57;100000
USDRUB_SPT;S;100101283473;;69.58;100000
USDRUB_SPT;S;100101387171;;69.57;100000
USDRUB_SPT;S;100101387635;;69.58;100000
USDRUB_SPT;S;100101513340;;69.57;100000
USDRUB_SPT;S;100101513804;;69.57;100000
USDRUB_SPT;S;100101607491;;69.58;100000
USDRUB_SPT;S;100101707560;;69.57;100000
USDRUB_SPT;S;100101708006;;69.58;100000
USDRUB_SPT;S;100101861228;;69.57;100000
USDRUB_SPT;S;100101966337;;69.58;100000
USDRUB_SPT;S;100101969158;;69.58;100000
USDRUB_SPT;B;100101969169;;69.54;200000
USDRUB_SPT;B;100101969652;;69.54;200000
USDRUB_SPT;B;100102086201;;69.54;200000
USDRUB_SPT;B;100102086699;;69.54;200000
USDRUB_SPT;S;100102124808;;69.58;100000
USDRUB_SPT;S;100102127623;;69.58;100000
USDRUB_SPT;B;100102186433;;69.54;200000
CNYRUB_TOM;B;100102647711;;9.73;50000
USDRUB_SPT;B;100102765517;;69.54;200000
USDRUB_SPT;S;100102765528;;69.58;100000
USDRUB_SPT;B;100102877506;;69.54;200000
USDRUB_SPT;B;100102877971;;69.54;200000
USDRUB_SPT;B;100102981305;;69.54;200000
USDRUB_SPT;B;100102981757;;69.54;200000
USD000UTSTOM;B;100103077164;;69.53;50000
USDRUB_SPT;B;100103077179;;69.55;100000
USDRUB_SPT;S;100103425036;;69.59;100000
USD000UTSTOM;B;100103457215;;69.54;50000
USD000UTSTOM;B;100103457671;;69.54;100000
USDRUB_SPT;S;100103508979;;69.59;200000
USDRUB_SPT;B;100103509041;;69.54;100000
USDRUB_SPT;S;100103511973;;69.59;100000
USDRUB_SPT;B;100103608296;;69.55;100000
USDRUB_SPT;B;100103608785;;69.54;100000
USDRUB_SPT;B;100103732960;;69.55;100000
USDRUB_SPT;B;100103733419;;69.55;100000
USDRUB_SPT;B;100103846738;;69.55;100000
USDRUB_SPT;B;100103847187;;69.55;100000
USDRUB_SPT;B;100103954032;;69.55;100000
USDRUB_SPT;B;100104136176;;69.54;100000
USDRUB_TOM1D;B;100104197576;;0.01;83300000
USDRUB_SPT;B;100104236075;;69.55;100000
USDRUB_SPT;B;100104236535;;69.54;100000
USD000UTSTOM;B;100104269136;185981575;69.57;1000
USD000UTSTOM;S;100104269136;185981575;69.57;1000
USD000UTSTOM;S;100104269136;;69.57;14000
USDRUB_SPT;B;100104352711;;69.55;100000
USDRUB_SPT;B;100104353214;;69.55;100000
USDRUB_SPT;B;100104455453;;69.55;100000
USDRUB_SPT;S;100104455471;;69.61;200000
USDRUB_SPT;B;100104455929;;69.55;100000
USDRUB_SPT;S;100104456105;;69.60;100000
USDRUB_SPT;S;100104456536;;69.60;100000
USDRUB_SPT;S;100104556316;;69.60;100000
USDRUB_SPT;S;100104556739;;69.60;100000
USDRUB_SPT;S;100104657871;;69.60;100000
USDRUB_SPT;S;100104658328;;69.60;100000
USDRUB_SPT;S;100104772579;;69.59;100000
USDRUB_SPT;S;100104773007;;69.60;100000
USDRUB_SPT;S;100104872955;;69.59;100000
USD000UTSTOM;B;100105082517;185981577;69.54;20000
USD000UTSTOM;B;100105082517;;69.54;80000
USD000UTSTOM;S;100105082517;;69.53;20000
USD000UTSTOM;S;100105082517;185981577;69.54;20000
USD000UTSTOM;S;100105082517;;69.57;14000
USDRUB_SPT;S;100105169122;;69.60;100000
USD000UTSTOM;S;100106119391;;69.58;24000
USDRUB_SPT;S;100106119731;;69.60;200000
USDRUB_SPT;S;100106122542;;69.60;100000
USD000UTSTOM;S;100106183382;;69.57;14000
USDRUB_SPT;S;100106236648;;69.60;100000
USDRUB_SPT;S;100106237080;;69.60;100000
USDRUB_SPT;S;100106338413;;69.60;100000
USDRUB_SPT;S;100106882376;;69.61;200000
USDRUB_SPT;S;100106882960;;69.60;100000
USDRUB_SPT;S;100106883378;;69.60;100000
USDRUB_SPT;S;100106984416;;69.60;100000
USDRUB_SPT;S;100106984846;;69.60;100000
USDRUB_SPT;S;100107032435;;69.61;200000
USDRUB_SPT;S;100107032866;;69.60;100000
USDRUB_SPT;S;100107033290;;69.60;100000
USDRUB_SPT;B;100107128190;;69.55;100000
USDRUB_SPT;S;100107133738;;69.60;100000
USDRUB_SPT;S;100107134162;;69.60;100000
USDRUB_SPT;S;100107238129;;69.60;100000
USD000UTSTOM;S;100107776374;;69.58;24000
USDRUB_SPT;S;100107779423;;69.60;100000
USD000UTSTOM;S;100107789292;;69.58;14000
USDRUB_SPT;B;100107876554;;69.55;100000
USDRUB_SPT;S;100108389938;;69.60;100000
USDRUB_SPT;S;100108489590;;69.60;100000
USDRUB_SPT;S;100108561082;;69.60;100000
USD000UTSTOM;B;100108637799;;69.54;30000
USDRUB_SPT;B;100108640639;;69.55;100000
USD000UTSTOM;B;100108911068;;69.54;80000
USD000UTSTOM;B;100108911092;;69.54;50000
USDRUB_SPT;B;100108911102;;69.54;200000
USDRUB_SPT;B;100108911874;;69.55;100000
USDRUB_SPT;B;100108912335;;69.54;100000
USDRUB_SPT;S;100108914049;;69.60;100000
USDRUB_SPT;S;100108971162;;69.61;200000
USDRUB_SPT;S;100108974131;;69.60;100000
USDRUB_SPT;B;100109014215;;69.57;100000
USDRUB_SPT;B;100109014691;;69.54;100000
USDRUB_SPT;B;100109116708;;69.56;100000
USDRUB_SPT;B;100109117176;;69.54;100000
USD000UTSTOM;B;100109141860;;69.54;80000
USD000UTSTOM;B;100109141873;;69.54;30000
USDRUB_SPT;B;100109235856;;69.55;100000
USDRUB_SPT;S;100109235871;;69.60;200000
USDRUB_SPT;B;100109236316;;69.55;100000
USDRUB_SPT;B;100109338348;;69.55;100000
USDRUB_SPT;B;100109338803;;69.55;100000
USDRUB_SPT;B;100109444889;;69.55;100000
USDRUB_SPT;B;100109445316;;69.55;100000
USDRUB_SPT;B;100109553075;;69.55;100000
USDRUB_SPT;B;100109658292;;69.56;100000
USD000UTSTOM;B;100109905760;185981579;69.58;1000
USD000UTSTOM;S;100109905760;185981579;69.58;1000
USD000UTSTOM;S;100109905760;;69.58;13000
USDRUB_SPT;B;100110413749;;69.55;100000
USDRUB_SPT;B;100110520176;;69.55;100000
USD000UTSTOM;B;100110522219;185981580;69.54;30000
USD000UTSTOM;B;100110522219;;69.53;60000
USD000UTSTOM;S;100110522219;;69.53;3500000
USD000UTSTOM;S;100110522219;185981580;69.54;30000
USD000UTSTOM;S;100110522219;;69.53;3470000
USD000UTSTOM;B;100110522219;185981581;69.53;30000
USD000UTSTOM;B;100110522219;;69.53;30000
USD000UTSTOM;S;100110522219;185981581;69.53;30000
USD000UTSTOM;S;100110522219;;69.53;3440000
USD000UTSTOM;B;100110522219;185981582;69.53;30000
USD000UTSTOM;B;100110522219;;69.53;3360000
USD000UTSTOM;S;100110522219;185981582;69.53;30000
USD000UTSTOM;S;100110522219;;69.53;3410000
USD000UTSTOM;B;100110522219;185981583;69.53;3360000
USD000UTSTOM;B;100110522219;;69.52;1000
USD000UTSTOM;S;100110522219;185981583;69.53;3360000
USD000UTSTOM;S;100110522219;;69.53;50000
USDRUB_SPT;B;100110522886;;-;-
USDRUB_SPT;S;100110522895;;-;-
USD000UTSTOM;B;100110525737;;69.52;51000
USD000UTSTOM;B;100110525839;;69.52;50000
USDRUB_SPT;B;100110525866;;69.51;200000
USDRUB_SPT;S;100110525870;;69.61;200000
USDRUB_SPT;B;100110526893;;69.54;100000
USDRUB_SPT;B;100110527720;;69.51;100000
USDRUB_SPT;S;100110528334;;69.56;100000
USDRUB_SPT;S;100110528763;;69.60;100000
USD000UTSTOM;B;100110532196;185981584;69.53;50000
USD000UTSTOM;B;100110532196;;69.55;46000
USD000UTSTOM;S;100110532196;185981584;69.53;50000
USD000UTSTOM;S;100110532196;;69.57;150000
USD000UTSTOM;B;100110534174;;69.54;91000
USD000UTSTOM;S;100110535771;;69.57;100000
USD000UTSTOM;S;100110535786;;69.58;63000
USD000UTSTOM;S;100110535822;;69.58;13000
USD000UTSTOM;B;100110535902;;69.55;60000
USDRUB_SPT;B;100110627833;;69.55;100000
USDRUB_SPT;B;100110628256;;69.51;100000
USDRUB_SPT;S;100110628312;;69.60;100000
USDRUB_SPT;S;100110628732;;69.60;100000
USDRUB_SPT;B;100110728528;;69.55;100000
USDRUB_SPT;S;100110728538;;69.60;100000
USDRUB_SPT;B;100110728957;;69.51;100000
USDRUB_SPT;B;100110830417;;69.55;100000
USDRUB_SPT;B;100110830886;;69.52;100000
USDRUB_SPT;B;100110939754;;69.55;100000
USDRUB_SPT;B;100110940221;;69.52;100000
USD000UTSTOM;B;100111033435;;69.54;91000
USDRUB_SPT;B;100111040501;;69.55;100000
USDRUB_SPT;B;100111040928;;69.52;100000
USDRUB_SPT;B;100111141987;;69.55;100000
USDRUB_SPT;B;100111142462;;69.52;100000
USDRUB_SPT;B;100111257710;;69.55;100000
USDRUB_SPT;B;100111258163;;69.53;100000
USD000UTSTOM;S;100111295561;;69.57;60000
USDRUB_SPT;S;100111296065;;69.60;100000
USDRUB_SPT;B;100111374047;;69.55;100000
USDRUB_SPT;B;100111374489;;69.53;100000
USDRUB_SPT;S;100111399213;;69.59;100000
USDRUB_SPT;B;100111475660;;69.55;100000
USDRUB_SPT;B;100111476099;;69.53;100000
USDRUB_SPT;S;100111507776;;69.59;100000
USDRUB_SPT;B;100111588852;;69.55;100000
USDRUB_SPT;B;100111589344;;69.53;100000
USDRUB_SPT;B;100111698511;;69.55;100000
USDRUB_SPT;B;100111698993;;69.54;100000
USD000UTSTOM;S;100111737500;;69.58;13000
USDRUB_SPT;S;100111737838;;69.60;100000
USDRUB_SPT;S;100111777996;;69.60;100000
USDRUB_SPT;B;100111799084;;69.55;100000
USDRUB_SPT;B;100111799542;;69.54;100000
USDRUB_SPT;B;100111914877;;69.55;100000
USDRUB_SPT;B;100111915353;;69.54;100000
USD000UTSTOM;S;100111938387;;69.56;30000
USDRUB_SPT;S;100111938865;;69.59;100000
USDRUB_SPT;S;100111939378;;69.60;100000
USDRUB_SPT;B;100112018828;;69.55;100000
USDRUB_SPT;B;100112019299;;69.54;100000
USDRUB_SPT;S;100112042230;;69.59;100000
USDRUB_SPT;S;100112042668;;69.59;100000
USDRUB_SPT;B;100112126637;;69.55;100000
USDRUB_SPT;S;100112145067;;69.59;100000
USDRUB_SPT;S;100112816100;;69.59;100000
USDRUB_SPT;S;100112816560;;69.59;100000
USDRUB_SPT;S;100112932154;;69.59;100000
USD000UTSTOM;S;100113641281;;69.57;50000
USD000UTSTOM;B;100113821578;185981585;69.54;60000
USD000UTSTOM;B;100113821578;;69.54;31000
USD000UTSTOM;S;100113821578;;69.54;60000
USD000UTSTOM;S;100113821578;185981585;69.54;60000
USD000UTSTOM;S;100113821578;;69.57;50000
USD000UTSTOM;B;100113823586;;69.54;91000
USD000UTSTOM;B;100114223777;;69.54;141000
USD000UTSTOM;B;100114223794;;69.54;50000
USDRUB_SPT;B;100114223798;;69.56;200000
USDRUB_SPT;B;100114224891;;69.55;200000
USDRUB_SPT;B;100114324375;;69.56;200000
USDRUB_SPT;B;100114324790;;69.55;200000
USD000UTSTOM;B;100114423490;185981586;69.57;7000
USD000UTSTOM;S;100114423490;185981586;69.57;7000
USD000UTSTOM;S;100114423490;;69.57;43000
USDRUB_SPT;S;100114424075;;69.59;100000
USDRUB_SPT;B;100114424254;;69.56;200000
USDRUB_SPT;B;100114424662;;69.55;200000
USDRUB_SPT;B;100114526903;;69.56;200000
USDRUB_SPT;B;100114527370;;69.56;200000
USDRUB_SPT;B;100114630003;;69.56;200000
USDRUB_SPT;B;100114630442;;69.56;200000
USDRUB_SPT;B;100114730820;;69.56;200000
USDRUB_SPT;B;100114731279;;69.56;200000
USDRUB_SPT;B;100114833086;;69.56;200000
USDRUB_SPT;B;100114978103;;69.55;100000
USDRUB_SPT;S;100115021663;;69.59;100000
USDRUB_SPT;B;100115092704;;69.56;200000
USDRUB_SPT;B;100115093157;;69.55;200000
USDRUB_SPT;B;100115203582;;69.56;200000
USDRUB_SPT;B;100115203996;;69.55;200000
USDRUB_SPT;S;100115206416;;69.59;100000
USDRUB_SPT;B;100115333704;;69.56;200000
USDRUB_SPT;B;100115334190;;69.55;200000
USDRUB_SPT;B;100115436281;;69.56;200000
USDRUB_SPT;B;100115436722;;69.56;200000
USDRUB_SPT;B;100115544983;;69.56;200000
USDRUB_SPT;B;100115545436;;69.56;200000
USDRUB_SPT;B;100115648044;;69.56;200000
USDRUB_SPT;B;100115648471;;69.56;200000
USDRUB_SPT;B;100115763651;;69.56;200000
USDRUB_SPT;S;100115966565;;69.59;100000
USDRUB_SPT;B;100115966578;;69.55;100000
USDRUB_SPT;B;100116071046;;69.56;200000
USDRUB_SPT;B;100116071512;;69.55;200000
USDRUB_SPT;B;100116172529;;69.56;200000
USDRUB_SPT;B;100116172982;;69.55;200000
USDRUB_SPT;B;100116296861;;69.56;200000
USDRUB_SPT;B;100116611403;;69.55;100000
USDRUB_SPT;S;100116661180;;69.60;100000
USDRUB_SPT;B;100116711343;;69.56;200000
USDRUB_SPT;B;100116711756;;69.55;200000
USDRUB_SPT;S;100116761407;;69.59;100000
USDRUB_SPT;B;100116813920;;69.56;200000
USDRUB_SPT;B;100116814376;;69.55;200000
USDRUB_SPT;B;100116918198;;69.56;200000
USDRUB_SPT;B;100116918635;;69.55;200000
USDRUB_SPT;B;100117019233;;69.56;200000
USDRUB_SPT;B;100117019692;;69.56;200000
USDRUB_SPT;B;100117120705;;69.56;200000
USDRUB_SPT;B;100117121142;;69.56;200000
USDRUB_SPT;B;100117252884;;69.56;200000
USDRUB_SPT;B;100117253338;;69.56;200000
USDRUB_SPT;B;100117399789;;69.56;200000
USD000UTSTOM;B;100117553805;185981587;69.54;10000
USD000UTSTOM;B;100117553805;;69.54;40000
USD000UTSTOM;S;100117553805;185981587;69.54;10000
USDRUB_SPT;B;100117557123;;69.55;100000
USDRUB_SPT;S;100117559936;;69.59;100000
USDRUB_SPT;B;100117661828;;69.56;200000
USDRUB_SPT;B;100117662295;;69.55;200000
USDRUB_SPT;S;100117715108;;69.59;100000
USDRUB_SPT;B;100117765853;;69.56;200000
USDRUB_SPT;B;100117766322;;69.55;200000
USDRUB_SPT;B;100117878033;;69.56;200000
USDRUB_SPT;B;100117878446;;69.55;200000
USDRUB_SPT;B;100117981023;;69.56;200000
USDRUB_SPT;B;100117981451;;69.56;200000
USDRUB_SPT;B;100118127655;;69.56;200000
USDRUB_SPT;B;100118128116;;69.56;200000
USDRUB_SPT;B;100118229426;;69.56;200000
USDRUB_SPT;B;100118229850;;69.56;200000
USDRUB_SPT;B;100118361535;;69.56;200000
USD000UTSTOM;S;100119117088;;69.57;73000
USDRUB_SPT;S;100119117584;;69.59;100000
USDRUB_SPT;S;100119118053;;69.59;100000
USD000UTSTOM;B;100119150897;185981588;69.54;30000
USD000UTSTOM;B;100119150897;;69.54;10000
USD000UTSTOM;S;100119150897;;69.54;30000
USD000UTSTOM;S;100119150897;185981588;69.54;30000
USD000UTSTOM;S;100119150897;;69.57;73000
USDRUB_SPT;S;100119264345;;69.59;100000
USDRUB_SPT;S;100119264784;;69.59;100000
USDRUB_SPT;S;100119369514;;69.59;100000
USD000UTSTOM;B;100119482674;;69.54;110000
USDRUB_SPT;S;100119751115;;69.58;100000
USD000UTSTOM;S;100120553271;;69.56;50000
USDRUB_SPT;S;100120559676;;69.58;100000
USDRUB_SPT;S;100120636934;;69.58;100000
USDRUB_SPT;B;100120817312;;69.55;100000
USDRUB_SPT;B;100120935881;;69.56;200000
USDRUB_SPT;B;100120936358;;69.55;200000
USDRUB_SPT;B;100121036931;;69.56;200000
USDRUB_SPT;B;100121037414;;69.55;200000
USDRUB_SPT;B;100121143418;;69.56;200000
USDRUB_SPT;B;100121143870;;69.56;200000
USDRUB_SPT;B;100121263084;;69.56;200000
USDRUB_SPT;B;100121263521;;69.56;200000
USDRUB_SPT;B;100121404789;;69.56;200000
USDRUB_SPT;B;100121405202;;69.56;200000
USDRUB_SPT;B;100121542688;;69.56;200000
EUR_RUB__TOM;B;100124467927;185981591;79.66;35000
EUR_RUB__TOM;S;100124467927;185981591;79.66;35000
EUR_RUB__TOM;S;100124467927;;79.66;11000
USD000UTSTOM;B;100125084828;185981592;69.56;30000
USD000UTSTOM;S;100125084828;185981592;69.56;30000
USD000UTSTOM;S;100125084828;;69.56;20000
USDRUB_SPT;B;100125487373;;69.55;100000
USDRUB_SPT;B;100125605281;;69.56;200000
USDRUB_SPT;B;100125605761;;69.55;200000
USDRUB_SPT;B;100125705912;;69.56;200000
USDRUB_SPT;B;100125706386;;69.55;200000
USDRUB_SPT;B;100125820556;;69.56;200000
USDRUB_SPT;B;100125821020;;69.56;200000
USDRUB_SPT;B;100125959083;;69.56;200000
USDRUB_SPT;B;100125959550;;69.56;200000
USDRUB_SPT;B;100126059428;;69.56;200000
EUR_RUB__TOM;B;100126440115;185981593;79.66;5000
EUR_RUB__TOM;S;100126440115;185981593;79.66;5000
EUR_RUB__TOM;S;100126440115;;79.66;6000
USDRUB_SPT;S;100126937591;;69.59;100000
USDRUB_SPT;S;100127104043;;69.58;100000
USDRUB_SPT;S;100127104526;;69.59;100000
USDRUB_SPT;S;100127210452;;69.58;100000
USD000UTSTOM;B;100128048971;185981594;69.56;1000
USD000UTSTOM;S;100128048971;185981594;69.56;1000
USD000UTSTOM;S;100128048971;;69.56;19000
USD000UTSTOM;B;100129977877;;69.55;68000
USD000UTSTOM;B;100129978422;;69.55;168000
USD000UTSTOM;B;100129978435;;69.55;218000
USD000UTSTOM;B;100130030461;185981595;69.55;1000
USD000UTSTOM;B;100130030461;;69.55;217000
USD000UTSTOM;S;100130030461;185981595;69.55;1000
USD000UTSTOM;S;100130271261;;69.55;214000
USDRUB_SPT;S;100130271848;;69.57;200000
USDRUB_SPT;S;100130272320;;69.58;200000
USD000UTSTOM;B;100130272675;185981596;69.55;43000
USD000UTSTOM;S;100130272675;185981596;69.55;43000
USD000UTSTOM;S;100130272675;;69.55;171000
USD000UTSTOM;B;100130273033;185981597;69.55;140000
USD000UTSTOM;S;100130273033;185981597;69.55;140000
USD000UTSTOM;S;100130273033;;69.55;31000
USDRUB_SPT;S;100130273157;;69.57;100000
USDRUB_SPT;S;100130273672;;69.58;100000
USDRUB_SPT;S;100130376921;;69.58;100000
USDRUB_SPT;S;100130377400;;69.58;100000
USD000UTSTOM;B;100130456314;185981598;69.55;31000
USD000UTSTOM;B;100130456314;;69.56;20000
USD000UTSTOM;S;100130456314;185981598;69.55;31000
USD000UTSTOM;S;100130456314;;69.56;19000
USD000UTSTOM;B;100130456314;185981599;69.56;19000
USD000UTSTOM;B;100130456314;;69.56;1000
USD000UTSTOM;S;100130456314;185981599;69.56;19000
USD000UTSTOM;S;100130456314;;69.57;73000
USDRUB_SPT;S;100130456901;;69.58;100000
USDRUB_SPT;S;100130459593;;69.59;200000
USDRUB_SPT;S;100130460015;;69.59;100000
USDRUB_SPT;B;100130670824;;69.55;200000
USDRUB_SPT;S;100130676316;;69.59;100000
USDRUB_SPT;B;100130804286;;69.56;200000
USDRUB_SPT;B;100130804748;;69.55;200000
USDRUB_SPT;B;100130907610;;69.56;200000
USDRUB_SPT;B;100130908073;;69.56;200000
USDRUB_SPT;B;100131035125;;69.56;200000
USDRUB_SPT;B;100131035570;;69.56;200000
EUR_RUB__TOM;B;100131040773;185981600;79.55;9000
EUR_RUB__TOM;B;100131040773;;79.55;316000
EUR_RUB__TOM;S;100131040773;;79.55;32000
EUR_RUB__TOM;S;100131040773;185981600;79.55;9000
EUR_RUB__TOM;S;100131040773;;79.55;23000
EUR_RUB__TOM;B;100131040773;185981601;79.55;7000
EUR_RUB__TOM;B;100131040773;;79.55;309000
EUR_RUB__TOM;S;100131040773;185981601;79.55;7000
EUR_RUB__TOM;S;100131040773;;79.55;16000
EUR_RUB__TOM;B;100131040773;185981602;79.55;7000
EUR_RUB__TOM;B;100131040773;;79.55;302000
EUR_RUB__TOM;S;100131040773;185981602;79.55;7000
EUR_RUB__TOM;S;100131040773;;79.55;9000
EUR_RUB__TOM;B;100131040773;185981603;79.55;2000
EUR_RUB__TOM;B;100131040773;;79.55;300000
EUR_RUB__TOM;S;100131040773;185981603;79.55;2000
EUR_RUB__TOM;S;100131040773;;79.55;7000
EUR_RUB__TOM;B;100131040773;185981604;79.55;7000
EUR_RUB__TOM;B;100131040773;;79.55;293000
EUR_RUB__TOM;S;100131040773;185981604;79.55;7000
EUR_RUB__TOM;S;100131040773;;79.66;6000
USDRUB_SPT;B;100131166807;;69.56;200000
USDRUB_SPT;B;100131701930;;69.56;100000
USDRUB_SPT;B;100132253677;;69.55;100000
USDRUB_SPT;B;100132353627;;69.56;100000
USDRUB_SPT;B;100132354107;;69.55;100000
USDRUB_SPT;B;100132474992;;69.56;100000
USDRUB_SPT;B;100132475500;;69.56;100000
USDRUB_SPT;B;100132613664;;69.56;100000
USDRUB_SPT;B;100132614116;;69.56;100000
USDRUB_SPT;B;100132716380;;69.56;100000
USDRUB_SPT;S;100133019522;;69.60;100000
EUR_RUB__TOM;B;100133139245;;79.58;100000
CHFRUB_TOM;S;100133579419;;75.40;100000
USDRUB_SPT;B;100133585358;;69.56;200000
USDRUB_SPT;B;100133953013;;69.56;100000
USDRUB_SPT;S;100133953022;;69.59;100000
USD000UTSTOM;B;100134019888;185981605;69.57;1000
USD000UTSTOM;S;100134019888;185981605;69.57;1000
USD000UTSTOM;S;100134019888;;69.57;72000
USDRUB_SPT;B;100134221817;;69.55;100000
USDRUB_SPT;B;100134329580;;69.56;100000
USDRUB_SPT;B;100134330066;;69.55;100000
USDRUB_SPT;B;100134429931;;69.56;100000
USDRUB_SPT;B;100134430370;;69.56;100000
USDRUB_SPT;B;100134534621;;69.56;100000
USDRUB_SPT;B;100134535070;;69.56;100000
USDRUB_SPT;B;100134634686;;69.56;100000
USDRUB_SPT;S;100135203541;;69.59;100000
USDRUB_SPT;S;100135637396;;69.59;100000
USDRUB_SPT;S;100135822060;;69.59;100000
USDRUB_SPT;B;100135856343;;69.56;200000
USDRUB_SPT;B;100135859083;;69.56;100000
USDRUB_SPT;S;100135913986;;69.59;100000
USDRUB_SPT;S;100136020908;;69.60;100000
USDRUB_SPT;B;100136020930;;69.55;100000
EUR_RUB__TOM;B;100136021079;185981607;79.58;1000
EUR_RUB__TOM;B;100136021079;;79.58;99000
EUR_RUB__TOM;S;100136021079;185981607;79.58;1000
USD000UTSTOM;B;100136028613;185981608;69.57;2000
USD000UTSTOM;S;100136028613;185981608;69.57;2000
USD000UTSTOM;S;100136028613;;69.57;70000
USDRUB_SPT;B;100136126981;;69.56;100000
USDRUB_SPT;B;100136127438;;69.55;100000
USDRUB_SPT;B;100136236400;;69.56;200000
USDRUB_SPT;B;100136236827;;69.56;200000
USDRUB_SPT;B;100136388836;;69.56;200000
USDRUB_SPT;B;100136389306;;69.56;200000
USDRUB_SPT;B;100136416302;;69.56;100000
USDRUB_SPT;B;100136416780;;69.56;100000
USDRUB_SPT;B;100136518040;;69.56;100000
USDRUB_SPT;S;100137906866;;69.59;100000
USDRUB_SPT;S;100138031936;;69.60;100000
USD000UTSTOM;B;100138252712;185981609;69.56;1000
USD000UTSTOM;B;100138252712;;69.55;50000
USD000UTSTOM;S;100138252712;185981609;69.56;1000
USD000UTSTOM;B;100138252712;185981610;69.55;50000
USD000UTSTOM;B;100138252712;;69.55;117000
USD000UTSTOM;S;100138252712;185981610;69.55;50000
USD000UTSTOM;B;100138252712;185981611;69.55;67000
USD000UTSTOM;B;100138252712;;69.55;50000
USD000UTSTOM;S;100138252712;185981611;69.55;67000
USD000UTSTOM;B;100138252712;185981612;69.55;42000
USD000UTSTOM;B;100138252712;;69.55;8000
USD000UTSTOM;S;100138252712;185981612;69.55;42000
USD000UTSTOM;B;100138253378;;69.54;91000
USDRUB_SPT;B;100138255589;;69.52;100000
USDRUB_SPT;S;100138255607;;69.59;100000
USDRUB_SPT;S;100138342817;;69.60;100000
USDRUB_SPT;B;100138355546;;69.58;200000
USDRUB_SPT;B;100138355989;;69.52;200000
USDRUB_SPT;B;100138463179;;69.58;200000
USDRUB_SPT;B;100138463678;;69.53;200000
USDRUB_SPT;B;100138565789;;69.58;200000
USDRUB_SPT;B;100138566269;;69.53;200000
USD000UTSTOM;B;100138647422;;69.54;141000
USD000UTSTOM;B;100138647446;;69.54;50000
USD000UTSTOM;B;100138648441;;69.54;150000
USDRUB_SPT;B;100138695312;;69.58;200000
USDRUB_SPT;B;100138695772;;69.53;200000
USDRUB_SPT;B;100138795455;;69.58;200000
USDRUB_SPT;B;100138795940;;69.53;200000
USDRUB_SPT;B;100138924543;;69.58;200000
USDRUB_SPT;B;100138925029;;69.54;200000
USDRUB_SPT;B;100139035420;;69.58;200000
USDRUB_SPT;B;100139035906;;69.54;200000
USDRUB_SPT;B;100139185200;;69.58;200000
USDRUB_SPT;B;100139185670;;69.54;200000
USDRUB_SPT;B;100139287448;;69.58;200000
USDRUB_SPT;B;100139287907;;69.54;200000
USDRUB_SPT;B;100139391946;;69.58;200000
USDRUB_SPT;B;100139392437;;69.55;200000
USDRUB_SPT;B;100139520580;;69.58;200000
USDRUB_SPT;B;100139521038;;69.55;200000
USDRUB_SPT;B;100139633981;;69.58;200000
USDRUB_SPT;B;100139634435;;69.55;200000
USDRUB_SPT;B;100139738382;;69.58;200000
USDRUB_SPT;B;100139738826;;69.55;200000
USDRUB_SPT;B;100139846133;;69.58;200000
USDRUB_SPT;B;100139846589;;69.56;200000
USDRUB_SPT;B;100139997571;;69.58;200000
USDRUB_SPT;B;100139998027;;69.56;200000
USDRUB_SPT;B;100140106152;;69.58;200000
USDRUB_SPT;B;100140106628;;69.56;200000
CHFRUB_TOM;B;100140203067;;66.20;100000
USDRUB_SPT;B;100140219591;;69.58;200000
USDRUB_SPT;B;100140220053;;69.56;200000
USDRUB_SPT;B;100140322524;;69.58;200000
USDRUB_SPT;B;100140323023;;69.57;200000
USDRUB_SPT;B;100140440979;;69.58;200000
USDRUB_SPT;B;100140441424;;69.57;200000
USDRUB_SPT;B;100140543337;;69.58;200000
USDRUB_SPT;B;100140543787;;69.57;200000
USDRUB_SPT;B;100140652346;;69.58;200000
USDRUB_SPT;B;100140652784;;69.57;200000
USDRUB_SPT;B;100140756990;;69.58;200000
USDRUB_SPT;B;100140757430;;69.58;200000
USDRUB_SPT;B;100140862068;;69.58;200000
USDRUB_SPT;B;100140862526;;69.58;200000
USD000UTSTOM;S;100140896023;;69.57;43000
USDRUB_SPT;S;100140896512;;69.58;100000
USDRUB_SPT;S;100140896925;;69.59;100000
USD000UTSTOM;B;100140897125;185981613;69.57;43000
USD000UTSTOM;B;100140897125;;69.57;57000
USD000UTSTOM;S;100140897125;185981613;69.57;43000
USD000UTSTOM;S;100140897125;;69.57;70000
USD000UTSTOM;B;100140897125;185981614;69.57;57000
USD000UTSTOM;B;100140897125;;69.54;150000
USD000UTSTOM;S;100140897125;185981614;69.57;57000
USD000UTSTOM;S;100140897125;;69.57;13000
USDRUB_SPT;S;100140897660;;69.60;100000
USDRUB_SPT;S;100140899440;;69.60;100000
USDRUB_SPT;B;100140967350;;69.58;200000
USDRUB_SPT;S;100141009176;;69.60;100000
USDRUB_SPT;S;100142896975;;69.60;200000
USD000UTSTOM;B;100143982169;185981617;69.57;13000
USD000UTSTOM;S;100143982169;185981617;69.57;13000
USD000UTSTOM;S;100143982169;;69.58;10000
USD000UTSTOM;B;100143982169;185981618;69.58;10000
USD000UTSTOM;S;100143982169;185981618;69.58;10000
USD000UTSTOM;S;100143982169;;69.58;24000
USD000UTSTOM;B;100143982169;185981619;69.58;12000
USD000UTSTOM;S;100143982169;185981619;69.58;12000
USD000UTSTOM;S;100143982169;;69.58;12000
USD000UTSTOM;B;100145073151;185981620;69.58;12000
USD000UTSTOM;S;100145073151;185981620;69.58;12000
USD000UTSTOM;S;100145073151;;69.59;15000
USD000UTSTOM;B;100145073151;185981621;69.59;15000
USD000UTSTOM;S;100145073151;185981621;69.59;15000
USD000UTSTOM;S;100145073151;;69.59;1100000
USD000UTSTOM;B;100145073151;185981622;69.59;48000
USD000UTSTOM;S;100145073151;185981622;69.59;48000
USD000UTSTOM;S;100145073151;;69.59;1052000
EUR_RUB__TOM;B;100146497245;185981624;79.58;1000
EUR_RUB__TOM;B;100146497245;;79.58;98000
EUR_RUB__TOM;S;100146497245;185981624;79.58;1000
EURUSD000TOM;B;100147027285;;1.14;6000
USD000UTSTOM;B;100147585181;;69.58;2000
USDRUB_SPT;S;100147587921;;69.60;100000
USDRUB_SPT;S;100147588371;;69.60;100000
USDRUB_SPT;S;100147624704;;69.60;100000
USDRUB_SPT;S;100147970408;;69.61;200000
USDRUB_SPT;B;100148358652;;69.57;100000
USDRUB_SPT;B;100148477344;;69.58;200000
USDRUB_SPT;B;100148477796;;69.57;200000
USD000UTSTOM;B;100148510859;;69.56;150000
USDRUB_SPT;S;100148513991;;69.61;100000
USDRUB_SPT;B;100148582083;;69.58;200000
USDRUB_SPT;B;100148582526;;69.57;200000
USDRUB_SPT;S;100148620218;;69.60;100000
USDRUB_SPT;B;100148683008;;69.58;200000
USDRUB_SPT;B;100148683463;;69.58;200000
USD000UTSTOM;B;100148743305;185981629;69.59;2000
USD000UTSTOM;S;100148743305;185981629;69.59;2000
USD000UTSTOM;S;100148743305;;69.59;1050000
USDRUB_SPT;B;100148788139;;69.58;200000
USDRUB_SPT;B;100148788616;;69.58;200000
USDRUB_SPT;B;100148892628;;69.58;200000
USDRUB_SPT;B;100148985064;;69.57;100000
USD000UTSTOM;B;100149014369;185981631;69.59;9000
USD000UTSTOM;S;100149014369;185981631;69.59;9000
USD000UTSTOM;S;100149014369;;69.59;1041000
USDRUB_SPT;B;100149084816;;69.58;200000
USDRUB_SPT;B;100149085287;;69.57;200000
USDRUB_SPT;B;100149210129;;69.58;200000
USDRUB_SPT;B;100149210555;;69.57;200000
USDRUB_SPT;B;100149312318;;69.58;200000
USDRUB_SPT;B;100149312739;;69.58;200000
USDRUB_SPT;B;100149413104;;69.58;200000
USDRUB_SPT;B;100149413562;;69.58;200000
USDRUB_SPT;B;100149515022;;69.58;200000
USD000UTSTOM;B;100150457081;185981632;69.59;241000
USD000UTSTOM;B;100150457081;;69.59;59000
USD000UTSTOM;S;100150457081;185981632;69.59;241000
USD000UTSTOM;S;100150457081;;69.59;800000
USD000UTSTOM;B;100150457081;185981633;69.59;59000
USD000UTSTOM;B;100150457081;;69.56;150000
USD000UTSTOM;S;100150457081;185981633;69.59;59000
USD000UTSTOM;S;100150457081;;69.59;741000
EURUSD000TOM;B;100150618005;;1.14;5000
USDRUB_SPT;S;100150918155;;69.61;200000
USDRUB_SPT;S;100150918650;;69.60;100000
USD000UTSTOM;B;100151443031;185981634;69.59;200000
USD000UTSTOM;S;100151443031;185981634;69.59;200000
USD000UTSTOM;S;100151443031;;69.59;541000
USDRUB_SPT;S;100151449329;;69.61;200000
USD000UTSTOM;B;100151942426;185981635;69.56;90000
USD000UTSTOM;B;100151942426;;69.56;60000
USD000UTSTOM;S;100151942426;185981635;69.56;90000
USD000UTSTOM;S;100152812297;;69.59;546000
CNYRUB_TOM;B;100155271469;;9.73;50000
EURUSD000TOM;B;100155305063;;1.14;105000
USD000UTSTOM;B;100155520178;;69.57;30000
USD000UTSTOM;S;100156868943;;69.59;557000
USD000UTSTOM;B;100158597176;185981637;69.59;41000
USD000UTSTOM;B;100158597176;;69.61;9000
USD000UTSTOM;S;100158597176;185981637;69.59;41000
USD000UTSTOM;S;100158597176;;69.59;516000
USD000UTSTOM;B;100158597176;185981638;69.59;9000
USD000UTSTOM;B;100158597176;;69.57;30000
USD000UTSTOM;S;100158597176;185981638;69.59;9000
USD000UTSTOM;S;100158597176;;69.59;507000
USD000UTSTOM;S;100159334618;;69.59;517000
USD000UTSTOM;S;100202554849;;69.57;3000
USDRUB_SPT;S;100202558304;;69.60;200000
USDRUB_SPT;B;100204352954;;69.58;100000
USDRUB_SPT;B;100204760312;;69.58;100000
USDRUB_SPT;B;100204872496;;69.57;100000
USDRUB_SPT;B;100204875463;;69.57;200000
USDRUB_SPT;B;100204881035;;69.57;100000
USDRUB_SPT;B;100205262109;;69.57;200000
USDRUB_SPT;B;100205656476;;69.57;100000
USD000UTSTOM;B;100206163045;185981639;69.57;3000
USD000UTSTOM;B;100206163045;;69.59;16000
USD000UTSTOM;S;100206163045;185981639;69.57;3000
USD000UTSTOM;S;100206163045;;69.59;517000
USD000UTSTOM;B;100206163045;185981640;69.59;16000
USD000UTSTOM;B;100206163045;;69.57;30000
USD000UTSTOM;S;100206163045;185981640;69.59;16000
USD000UTSTOM;S;100206163045;;69.59;501000
USDRUB_SPT;B;100206166345;;69.56;200000
USDRUB_SPT;S;100206166368;;69.61;200000
USDRUB_SPT;B;100206167117;;69.57;100000
USDRUB_SPT;B;100206167655;;69.56;100000
USDRUB_SPT;B;100206267454;;69.57;100000
USDRUB_SPT;B;100206267926;;69.56;100000
USDRUB_SPT;B;100206411833;;69.57;100000
USDRUB_SPT;B;100206412307;;69.56;100000
USDRUB_SPT;B;100206525926;;69.57;100000
USDRUB_SPT;B;100206526390;;69.57;100000
USDRUB_SPT;B;100206637194;;69.57;100000
USDRUB_SPT;B;100206637639;;69.57;100000
USDRUB_SPT;B;100206752342;;69.57;100000
USDRUB_SPT;B;100208014581;;69.58;100000
USDRUB_SPT;B;100208015183;;69.57;100000
USDRUB_SPT;B;100208115450;;69.58;100000
USDRUB_SPT;B;100208115867;;69.58;100000
USD000UTSTOM;B;100208247536;;69.56;50000
USDRUB_SPT;B;100208247884;;69.58;100000
USDRUB_SPT;B;100208559111;;69.58;100000
USDRUB_SPT;B;100208575334;;69.58;100000
USDRUB_SPT;B;100208711294;;69.58;100000
USD000UTSTOM;B;100209034790;;69.57;30000
USD000UTSTOM;B;100209035497;;69.57;80000
USD000UTSTOM;B;100209431889;;69.57;50000
CHFRUB_TOM;S;100209773398;;75.20;5000
USDRUB_SPT;B;100210603277;;69.57;100000
USD000UTSTOM;B;100212206311;185981642;69.59;1000
USD000UTSTOM;S;100212206311;185981642;69.59;1000
USD000UTSTOM;S;100212206311;;69.59;500000
USD000UTSTOM;B;100212363222;;69.56;50000
USDRUB_SPT;B;100212564224;;69.58;100000
USDRUB_SPT;B;100212567063;;69.57;100000
USD000UTSTOM;B;100212970109;;69.56;100000
USDRUB_SPT;B;100212972885;;69.58;100000
USDRUB_SPT;B;100212975874;;69.57;100000
USD000UTSTOM;B;100213126779;185981643;69.59;31000
USD000UTSTOM;S;100213126779;185981643;69.59;31000
USD000UTSTOM;S;100213126779;;69.59;469000
USDRUB_SPT;B;100213132658;;69.58;100000
USDRUB_SPT;B;100213133082;;69.58;100000
USDRUB_SPT;B;100213742871;;69.57;100000
USDRUB_SPT;B;100213846713;;69.58;100000
USDRUB_SPT;B;100213943948;;69.57;100000
USDRUB_SPT;B;100214044930;;69.58;100000
USD000UTSTOM;B;100214395139;185981645;69.59;8000
USD000UTSTOM;S;100214395139;185981645;69.59;8000
USD000UTSTOM;S;100214395139;;69.59;461000
CHFRUB_TOM;S;100214849517;;75.00;10000
USDRUB_SPT;B;100215851135;;69.57;100000
USD000UTSTOM;B;100216188262;185981646;69.59;2000
USD000UTSTOM;S;100216188262;185981646;69.59;2000
USD000UTSTOM;S;100216188262;;69.59;459000
USD000UTSTOM;B;100216190203;185981647;69.59;4000
USD000UTSTOM;S;100216190203;185981647;69.59;4000
USD000UTSTOM;S;100216190203;;69.59;455000
EUR_RUB__TOM;B;100217621399;185981648;79.58;98000
EUR_RUB__TOM;B;100217621399;;79.55;293000
EUR_RUB__TOM;S;100217621399;;79.58;100000
EUR_RUB__TOM;S;100217621399;185981648;79.58;98000
EUR_RUB__TOM;S;100217621399;;79.58;2000
EUR_RUB__TOM;B;100218023866;185981649;79.58;1000
EUR_RUB__TOM;S;100218023866;185981649;79.58;1000
EUR_RUB__TOM;S;100218023866;;79.58;1000
GBPRUB_TOM;B;100218031387;185981650;88.88;2000
GBPRUB_TOM;S;100218031387;185981650;88.88;2000
GBPRUB_TOM;S;100218031387;;88.88;1000
EUR_RUB__TOM;B;100219186287;185981651;79.58;1000
EUR_RUB__TOM;S;100219186287;185981651;79.58;1000
EUR_RUB__TOM;S;100219186287;;79.66;6000
EUR_RUB__TOM;B;100219186287;185981652;79.66;6000
EUR_RUB__TOM;S;100219186287;185981652;79.66;6000
EUR_RUB__TOM;S;100219186287;;79.67;6000
EUR_RUB__TOM;B;100219186287;185981653;79.67;1000
EUR_RUB__TOM;S;100219186287;185981653;79.67;1000
EUR_RUB__TOM;S;100219186287;;79.67;5000
EUR_RUB__TOM;B;100219186287;185981654;79.67;5000
EUR_RUB__TOM;S;100219186287;185981654;79.67;5000
EUR_RUB__TOM;S;100219186287;;79.69;10000
EUR_RUB__TOM;B;100219186287;185981655;79.69;10000
EUR_RUB__TOM;S;100219186287;185981655;79.69;10000
EUR_RUB__TOM;S;100219186287;;79.70;514000
EUR_RUB__TOM;B;100219186287;185981656;79.70;7000
EUR_RUB__TOM;S;100219186287;185981656;79.70;7000
EUR_RUB__TOM;S;100219186287;;79.70;507000
EUR_RUB__TOM;B;100219585269;185981657;79.70;3000
EUR_RUB__TOM;S;100219585269;185981657;79.70;3000
EUR_RUB__TOM;S;100219585269;;79.70;504000
EUR_RUB__TOM;B;100220164438;;79.56;25000
USD000UTSTOM;S;100220334726;;69.59;450000
USD000UTSTOM;S;100220387006;;69.59;15000
USD000UTSTOM;S;100221072297;;69.58;6000
USD000UTSTOM;B;100221613413;185981659;69.58;2000
USD000UTSTOM;S;100221613413;185981659;69.58;2000
USD000UTSTOM;S;100221613413;;69.58;4000
USDRUB_SPT;S;100221614535;;69.60;100000
USD000UTSTOM;B;100222021754;185981660;69.58;1000
USD000UTSTOM;S;100222021754;185981660;69.58;1000
USD000UTSTOM;S;100222021754;;69.58;3000
USD000UTSTOM;S;100222033647;;69.58;45000
EUR_RUB__TOM;B;100222207699;;79.57;20000
USDRUB_SPT;S;100222418983;;69.60;100000
USDRUB_SPT;S;100223704827;;69.60;100000
USDRUB_SPT;B;100223819194;;69.57;200000
EUR_RUB__TOM;B;100223907607;;79.57;25000
USD000UTSTOM;B;100224081178;;69.56;50000
USDRUB_SPT;B;100224456638;;69.57;100000
USDRUB_SPT;B;100224627454;;69.57;200000
USDRUB_SPT;S;100224727909;;69.60;100000
USDRUB_SPT;S;100224728566;;69.60;100000
USD000UTSTOM;B;100224728820;;69.56;50000
USDRUB_SPT;S;100224834883;;69.60;100000
EUR_RUB__TOM;B;100225623305;;79.57;20000
EUR_RUB__TOM;B;100227162925;;79.58;25000
CNYRUB_TOM;B;100227234864;;10.05;50000
USD000UTSTOM;B;100227713577;185981661;69.58;45000
USD000UTSTOM;B;100227713577;;69.58;55000
USD000UTSTOM;S;100227713577;185981661;69.58;45000
USD000UTSTOM;S;100227713577;;69.58;3000
USDRUB_SPT;S;100227714124;;69.60;100000
USDRUB_SPT;B;100227714191;;69.58;100000
USDRUB_SPT;S;100227716907;;69.61;100000
EUR_RUB__TOM;S;100227773653;;79.70;20000
USDRUB_SPT;S;100228365141;;69.61;200000
EUR_RUB__TOM;S;100228833472;;79.70;45000
USDRUB_SPT;B;100229844251;;69.58;100000
USD000UTSTOM;B;100230025901;185981663;69.58;3000
USD000UTSTOM;S;100230025901;185981663;69.58;3000
USD000UTSTOM;S;100230025901;;69.59;450000
USD000UTSTOM;B;100230052456;185981664;69.58;3000
USD000UTSTOM;B;100230052456;;69.58;52000
USD000UTSTOM;S;100230052456;185981664;69.58;3000
EUR_RUB__TOM;S;100230497278;;79.69;100000
USDRUB_SPT;B;100231285982;;69.58;100000
USDRUB_SPT;B;100231440256;;69.58;100000
USDRUB_SPT;B;100231722223;;69.57;100000
USDRUB_SPT;B;100231844298;;69.58;100000
USDRUB_SPT;B;100231844807;;69.57;100000
USDRUB_SPT;B;100231952707;;69.58;100000
USDRUB_SPT;B;100231953212;;69.57;100000
USDRUB_SPT;B;100232053145;;69.58;100000
USDRUB_SPT;B;100232053594;;69.57;100000
USDRUB_SPT;B;100232160458;;69.58;100000
USDRUB_SPT;B;100232160886;;69.58;100000
USDRUB_SPT;B;100232262200;;69.58;100000
USDRUB_SPT;B;100232405703;;69.58;100000
EUR_RUB__TOM;S;100232660263;;79.69;25000
GBPRUB_TOM;B;100233930737;;88.35;10000
USD000UTSTOM;S;100234235202;;69.59;1250000
USDRUB_SPT;B;100234856615;;69.58;100000
USDRUB_SPT;B;100235251503;;69.59;200000
USDRUB_SPT;B;100236908756;;69.59;100000
USDRUB_SPT;B;100241144885;;69.58;100000
USDRUB_SPT;B;100241257132;;69.59;100000
USDRUB_SPT;B;100241257585;;69.58;100000
USDRUB_SPT;B;100241365943;;69.59;100000
USDRUB_SPT;B;100241366465;;69.58;100000
USDRUB_SPT;B;100241470107;;69.59;100000
USDRUB_SPT;B;100241470567;;69.58;100000
USDRUB_SPT;B;100241572817;;69.59;100000
USD000UTSTOM;S;100241888231;;69.59;1273000
USD000UTSTOM;B;100242392246;185981667;69.59;2000
USD000UTSTOM;S;100242392246;185981667;69.59;2000
USD000UTSTOM;S;100242392246;;69.59;1271000
CHFRUB_TOM;B;100243723779;;66.33;5000
USD000UTSTOM;B;100245531199;185981669;69.59;10000
USD000UTSTOM;S;100245531199;185981669;69.59;10000
USD000UTSTOM;S;100245531199;;69.59;1261000
USD000UTSTOM;B;100246022493;185981670;69.58;2000
USD000UTSTOM;B;100246022493;;69.58;50000
USD000UTSTOM;S;100246022493;185981670;69.58;2000
USD000UTSTOM;B;100246035191;185981671;69.58;1000
USD000UTSTOM;B;100246035191;;69.58;49000
USD000UTSTOM;S;100246035191;185981671;69.58;1000
USDRUB_SPT;B;100246304313;;69.59;100000
CNYRUB_TOM;S;100247281657;;10.11;234000
EUR_RUB__TOM;S;100248818818;;79.69;100000
EURUSD000TOM;S;100249412633;;1.15;1000
USDRUB_SPT;B;100250144754;;69.59;100000
USDRUB_SPT;B;100250913642;;69.59;100000
USDRUB_SPT;B;100250950343;;69.59;100000
USD000UTSTOM;B;100252073482;185981672;69.59;1000
USD000UTSTOM;S;100252073482;185981672;69.59;1000
USD000UTSTOM;S;100252073482;;69.59;1260000
EURUSD000TOM;S;100252112405;;1.15;500000
EUR_RUB__TOM;B;100252233536;;79.58;50000
EURUSD000TOM;S;100253108080;;1.15;4000
EUR_RUB__TOM;B;100254363576;;79.58;25000
EUR_RUB__TOM;B;100254499383;;79.58;25000
USD000UTSTOM;S;100254817471;;69.59;1261000
EUR_RUB__TOM;B;100255135444;;79.58;25000
USD000UTSTOM;B;100256195756;185981675;69.59;5000
USD000UTSTOM;S;100256195756;185981675;69.59;5000
USD000UTSTOM;S;100256195756;;69.59;1256000
EUR_RUB__TOM;B;100256376426;;79.58;25000
EUR_RUB__TOM;B;100256633473;;79.58;25000
EUR_RUB__TOM;B;100256951898;;79.58;20000
USD000UTSTOM;S;100257150919;;69.59;10000
USD000UTSTOM;B;100257406926;;69.58;59000
EUR_RUB__TOM;B;100258601818;;79.58;25000
USDRUB_SPT;B;100259537329;;69.59;100000
USDRUB_SPT;B;100259537834;;69.59;100000
USDRUB_SPT;B;100259642276;;69.59;100000
EUR_RUB__TOM;B;100259811217;;79.55;50000
EUR_RUB__TOM;S;100259903886;;79.69;20000
EUR_RUB__TOM;B;100300046311;;79.56;25000
EUR_RUB__TOM;S;100300394645;;79.68;30000
EUR_RUB__TOM;B;100301771192;;79.58;25000
EUR_RUB__TOM;B;100302128854;;79.56;25000
CNYRUB_TOM;S;100302328989;;10.42;50000
USD000UTSTOM;B;100302980828;185981676;69.59;10000
USD000UTSTOM;S;100302980828;185981676;69.59;10000
USD000UTSTOM;S;100302980828;;69.59;1256000
EUR_RUB__TOM;B;100303195963;;79.56;25000
EUR_RUB__TOM;B;100303497107;;79.56;25000
USD000UTSTOM;B;100303890706;185981677;69.58;1000
USD000UTSTOM;B;100303890706;;69.58;58000
USD000UTSTOM;S;100303890706;185981677;69.58;1000
USD000UTSTOM;B;100304023127;185981678;69.58;6000
USD000UTSTOM;B;100304023127;;69.58;52000
USD000UTSTOM;S;100304023127;185981678;69.58;6000
USD000UTSTOM;B;100304031235;185981679;69.58;1000
USD000UTSTOM;B;100304031235;;69.58;51000
USD000UTSTOM;S;100304031235;185981679;69.58;1000
EUR_RUB__TOM;B;100304039527;185981680;79.68;1000
EUR_RUB__TOM;S;100304039527;185981680;79.68;1000
EUR_RUB__TOM;S;100304039527;;79.68;29000
USD000UTSTOM;S;100305428021;;69.59;1246000
USDRUB_SPT;B;100305643880;;69.59;100000
EUR_RUB__TOM;B;100306878355;;79.56;25000
EUR_RUB__TOM;B;100307030869;;79.56;50000
CNYRUB_TOM;S;100307225623;;10.12;234000
EUR_RUB__TOM;B;100307535333;;79.56;25000
USD000UTSTOM;B;100307883338;185981682;69.59;1000
USD000UTSTOM;S;100307883338;185981682;69.59;1000
USD000UTSTOM;S;100307883338;;69.59;1245000
EUR_RUB__TOM;B;100308057265;;79.56;30000
USDRUB_SPT;B;100308720748;;69.59;100000
USDRUB_SPT;B;100309178782;;69.59;100000
EUR_RUB__TOM;B;100309427811;;79.56;25000
USD000UTSTOM;B;100309743869;185981684;69.59;10000
USD000UTSTOM;S;100309743869;185981684;69.59;10000
USD000UTSTOM;S;100309743869;;69.59;1235000
USDRUB_SPT;B;100310061987;;69.59;100000
EUR_RUB__TOM;B;100310198565;;79.56;30000
EUR_RUB__TOM;B;100310348206;;79.56;25000
EUR_RUB__TOM;B;100310685771;;79.56;50000
EUR_RUB__TOM;B;100311033893;;79.56;25000
EUR_RUB__TOM;B;100311498855;;79.57;25000
EUR_RUB__TOM;B;100311712815;;79.56;25000
EUR_RUB__TOM;B;100312446349;;79.57;25000
EUR_RUB__TOM;B;100312835047;;79.56;25000
EUR_RUB__TOM;B;100313516485;;79.57;25000
EURUSD000TOM;B;100315889459;;1.14;5000
USD000UTSTOM;B;100316214686;;69.58;60000
EUR_RUB__TOM;B;100316275785;185981686;79.68;29000
EUR_RUB__TOM;B;100316275785;;79.68;71000
EUR_RUB__TOM;S;100316275785;185981686;79.68;29000
EUR_RUB__TOM;S;100316275785;;79.69;20000
USDRUB_SPT;B;100317646121;;69.59;100000
USDRUB_SPT;B;100317800448;;69.59;100000
EURUSD000TOM;B;100317823528;;1.14;105000
EUR_RUB__TOM;B;100318775958;185981688;79.68;20000
EUR_RUB__TOM;B;100318775958;;79.68;51000
EUR_RUB__TOM;S;100318775958;;79.68;20000
EUR_RUB__TOM;S;100318775958;185981688;79.68;20000
EUR_RUB__TOM;S;100318775958;;79.69;20000
USDRUB_SPT;B;100319311861;;69.59;200000
EUR_RUB__TOM;B;100319393609;185981689;79.68;30000
EUR_RUB__TOM;B;100319393609;;79.68;21000
EUR_RUB__TOM;S;100319393609;;79.68;30000
EUR_RUB__TOM;S;100319393609;185981689;79.68;30000
EUR_RUB__TOM;S;100319393609;;79.69;20000
EUR_RUB__TOM;B;100319442148;185981690;79.68;1000
EUR_RUB__TOM;B;100319442148;;79.68;20000
EUR_RUB__TOM;S;100319442148;;79.60;1000
EUR_RUB__TOM;S;100319442148;185981690;79.68;1000
EUR_RUB__TOM;S;100319442148;;79.69;20000
USDRUB_SPT;B;100319546728;;69.59;100000
EUR_RUB__TOM;S;100319655794;;79.69;100000
USDRUB_SPT;B;100320225908;;69.59;200000
EUR_RUB__TOM;B;100320236561;185981691;79.68;10000
EUR_RUB__TOM;B;100320236561;;79.68;10000
EUR_RUB__TOM;S;100320236561;;79.68;10000
EUR_RUB__TOM;S;100320236561;185981691;79.68;10000
EUR_RUB__TOM;S;100320236561;;79.69;100000
EUR_RUB__TOM;B;100320455708;185981692;79.68;10000
EUR_RUB__TOM;B;100320455708;;79.58;25000
EUR_RUB__TOM;S;100320455708;;79.68;20000
EUR_RUB__TOM;S;100320455708;185981692;79.68;10000
EUR_RUB__TOM;S;100320455708;;79.68;10000
EUR_RUB__TOM;B;100320616362;;79.57;25000
USD000UTSTOM;S;100321138593;;69.59;1212000
EUR_RUB__TOM;B;100321223210;;79.58;10000
EUR_RUB__TOM;S;100321304272;;79.69;100000
EUR_RUB__TOM;B;100322023206;;79.58;35000
EUR_RUB__TOM;B;100322218834;;79.59;20000
EUR_RUB__TOM;B;100323409360;;79.59;25000
EUR_RUB__TOM;B;100323833208;;79.59;20000
USD000UTSTOM;S;100323850896;;69.59;1262000
EUR_RUB__TOM;B;100324132101;;79.60;10000
USD000UTSTOM;S;100324974262;;69.59;1267000
USD000UTSTOM;B;100328022663;185981693;69.59;1000
USD000UTSTOM;S;100328022663;185981693;69.59;1000
USD000UTSTOM;S;100328022663;;69.59;1266000
USD000UTSTOM;B;100328069471;185981694;69.59;1000
USD000UTSTOM;S;100328069471;185981694;69.59;1000
USD000UTSTOM;S;100328069471;;69.59;1265000
USD000UTSTOM;S;100329286661;;69.59;100000
USDRUB_SPT;S;100329287168;;69.60;100000
EUR_RUB__TOM;B;100331326824;;79.60;24000
EUR_RUB__TOM;B;100332872015;;79.61;60000
USD000UTSTOM;B;100333483516;185981698;69.59;7000
USD000UTSTOM;S;100333483516;185981698;69.59;7000
USD000UTSTOM;S;100333483516;;69.59;93000
EUR_RUB__TOM;S;100336201224;;79.69;25000
EUR_RUB__TOM;S;100337089831;;79.68;40000
EUR_RUB__TOM;B;100341356227;185981700;79.61;19000
EUR_RUB__TOM;B;100341356227;;79.61;41000
EUR_RUB__TOM;S;100341356227;;79.61;19000
EUR_RUB__TOM;S;100341356227;185981700;79.61;19000
EUR_RUB__TOM;S;100341356227;;79.68;40000
USD000UTSTOM;B;100342761800;;69.58;20000
EUR_RUB__TOM;B;100343420357;;79.61;20000
EUR_RUB__TOM;B;100346030428;;79.61;30000
EUR_RUB__TOM;B;100348279705;;79.65;3000
USD000UTSTOM;B;100352021924;185981703;69.59;1000
USD000UTSTOM;S;100352021924;185981703;69.59;1000
USD000UTSTOM;S;100352021924;;69.59;92000
USD000UTSTOM;S;100353049640;;69.59;100000
USDRUB_SPT;S;100353050179;;69.60;100000
USD000UTSTOM;B;100358515037;;69.58;30000
USD000UTSTOM;B;100401686185;185981705;69.58;20000
USD000UTSTOM;B;100401686185;;69.58;10000
USD000UTSTOM;S;100401686185;;69.58;20000
USD000UTSTOM;S;100401686185;185981705;69.58;20000
USD000UTSTOM;S;100401686185;;69.59;100000
USD000UTSTOM;S;100404716189;;69.58;1000
USD000UTSTOM;B;100407050263;185981707;69.58;10000
USD000UTSTOM;B;100407050263;;69.58;60000
USD000UTSTOM;S;100407050263;185981707;69.58;10000
USD000UTSTOM;B;100407050263;185981708;69.58;41000
USD000UTSTOM;B;100407050263;;69.58;19000
USD000UTSTOM;S;100407050263;185981708;69.58;41000
USD000UTSTOM;B;100407050263;185981709;69.58;10000
USD000UTSTOM;B;100407050263;;69.58;9000
USD000UTSTOM;S;100407050263;185981709;69.58;10000
USD000UTSTOM;B;100407050263;185981710;69.58;9000
USD000UTSTOM;B;100407050263;;69.57;30000
USD000UTSTOM;S;100407050263;185981710;69.58;9000
USD000UTSTOM;B;100407050263;185981711;69.57;30000
USD000UTSTOM;B;100407050263;;69.57;50000
USD000UTSTOM;S;100407050263;185981711;69.57;30000
USD000UTSTOM;B;100407050263;185981712;69.57;50000
USD000UTSTOM;B;100407050263;;69.57;150000
USD000UTSTOM;S;100407050263;185981712;69.57;50000
USD000UTSTOM;B;100407050263;185981713;69.57;50000
USD000UTSTOM;B;100407050263;;69.57;100000
USD000UTSTOM;S;100407050263;185981713;69.57;50000
USD000UTSTOM;B;100407050263;185981714;69.57;50000
USD000UTSTOM;B;100407050263;;69.57;50000
USD000UTSTOM;S;100407050263;185981714;69.57;50000
USD000UTSTOM;B;100407051083;;69.56;50000
USD000UTSTOM;B;100407051087;;69.56;50000
USD000UTSTOM;B;100407051204;;69.56;50000
USD000UTSTOM;S;100407051423;;69.58;51000
USD000UTSTOM;B;100407052941;;69.56;150000
USD000UTSTOM;B;100407052961;;69.56;200000
USD000UTSTOM;B;100407052985;;69.56;50000
USD000UTSTOM;B;100407053726;;69.56;150000
USDRUB_SPT;B;100407053941;;69.56;200000
USD000UTSTOM;B;100407054195;;69.56;50000
USD000UTSTOM;B;100407054460;;69.56;50000
USD000UTSTOM;B;100407055225;;69.56;50000
USDRUB_SPT;B;100407163386;;69.58;200000
USDRUB_SPT;B;100407163839;;69.56;200000
USDRUB_SPT;B;100407274827;;69.58;200000
USDRUB_SPT;B;100407275326;;69.57;200000
USDRUB_SPT;B;100407393347;;69.58;200000
USDRUB_SPT;B;100407393839;;69.57;200000
USDRUB_SPT;B;100407536905;;69.58;200000
USDRUB_SPT;B;100407537401;;69.57;200000
USDRUB_SPT;B;100407653038;;69.58;200000
USDRUB_SPT;B;100407653515;;69.57;200000
USDRUB_SPT;B;100407780760;;69.58;200000
USDRUB_SPT;B;100407781236;;69.58;200000
USDRUB_SPT;B;100407904524;;69.58;200000
USDRUB_SPT;B;100408550474;;69.58;100000
USDRUB_SPT;B;100408553210;;69.58;200000
USDRUB_SPT;B;100409071067;;69.58;100000
USDRUB_SPT;B;100409071568;;69.58;100000
USDRUB_SPT;B;100409073802;;69.58;200000
USDRUB_SPT;B;100409263988;;69.58;100000
USDRUB_SPT;B;100409289017;;69.58;200000
USDRUB_SPT;B;100409521425;;69.58;100000
USDRUB_SPT;B;100409782862;;69.58;200000
USDRUB_SPT;B;100409783400;;69.58;100000
USDRUB_SPT;B;100410526753;;69.58;200000
USD000UTSTOM;B;100410526779;;69.56;100000
USDRUB_SPT;S;100410876564;;69.60;100000
USD000UTSTOM;B;100412457084;185981715;69.56;30000
USD000UTSTOM;B;100412457084;;69.56;70000
USD000UTSTOM;S;100412457084;185981715;69.56;30000
USDRUB_SPT;B;100413585718;;69.57;100000
USDRUB_SPT;B;100414734270;;69.58;100000
USDRUB_SPT;B;100415473349;;69.57;100000
USD000UTSTOM;B;100416231543;;69.56;50000
USDRUB_SPT;B;100416651506;;69.57;100000
EUR_RUB__TOM;B;100417733089;185981717;79.65;3000
EUR_RUB__TOM;B;100417733089;;79.63;41000
EUR_RUB__TOM;S;100417733089;185981717;79.65;3000
EUR_RUB__TOM;B;100417733089;185981718;79.63;6000
EUR_RUB__TOM;B;100417733089;;79.63;35000
EUR_RUB__TOM;S;100417733089;185981718;79.63;6000
USDRUB_SPT;B;100418168637;;69.57;100000
USD000UTSTOM;B;100418352223;;69.56;100000
USDRUB_SPT;B;100418352228;;69.58;200000
USDRUB_SPT;B;100418352796;;69.57;200000
USDRUB_SPT;B;100418456419;;69.58;200000
USDRUB_SPT;B;100418456882;;69.57;200000
USDRUB_SPT;B;100418594137;;69.58;200000
EUR_RUB__TOM;S;100419059947;;79.65;33000
USDRUB_SPT;B;100419743102;;69.58;100000
USD000UTSTOM;B;100422028013;185981719;69.58;1000
USD000UTSTOM;S;100422028013;185981719;69.58;1000
USD000UTSTOM;S;100422028013;;69.58;50000
USD000UTSTOM;S;100424009107;;69.58;11000
USD000UTSTOM;B;100424153359;185981720;69.56;1000
USD000UTSTOM;B;100424153359;;69.56;99000
USD000UTSTOM;S;100424153359;185981720;69.56;1000
USDRUB_SPT;B;100425399067;;69.58;200000
USDRUB_SPT;B;100425401816;;69.58;100000
USD000UTSTOM;B;100426458189;185981722;69.58;11000
USD000UTSTOM;B;100426458189;;69.58;39000
USD000UTSTOM;S;100426458189;185981722;69.58;11000
USD000UTSTOM;S;100426458189;;69.58;51000
USD000UTSTOM;B;100426458189;185981723;69.58;39000
USD000UTSTOM;B;100426458189;;69.56;99000
USD000UTSTOM;S;100426458189;185981723;69.58;39000
USD000UTSTOM;S;100426458189;;69.58;12000
USDRUB_SPT;S;100426458853;;69.60;100000
USD000UTSTOM;B;100426459028;;69.56;50000
USD000UTSTOM;S;100426459085;;69.59;100000
USD000UTSTOM;B;100426459648;;69.56;88000
USD000UTSTOM;S;100426601041;;69.58;1500000
USDRUB_SPT;S;100426601526;;69.60;200000
USDRUB_SPT;S;100426601971;;69.60;200000
USDRUB_SPT;S;100426702666;;69.60;200000
USDRUB_SPT;B;100427316770;;69.58;200000
USDRUB_SPT;B;100427319476;;69.58;100000
USDRUB_SPT;B;100430921331;;69.58;200000
USDRUB_SPT;B;100430924070;;69.58;100000
USD000UTSTOM;S;100434325730;;69.58;92000
USDRUB_SPT;S;100434326226;;69.59;100000
USDRUB_SPT;B;100434755394;;69.58;200000
USDRUB_SPT;B;100434914574;;69.57;200000
EUR_RUB__TOM;B;100435282311;;79.60;10000
USD000UTSTOM;B;100436848246;185981725;69.58;92000
USD000UTSTOM;B;100436848246;;69.58;108000
USD000UTSTOM;S;100436848246;185981725;69.58;92000
USD000UTSTOM;S;100436848246;;69.58;1500000
USD000UTSTOM;B;100436848246;185981726;69.58;108000
USD000UTSTOM;B;100436848246;;69.56;88000
USD000UTSTOM;S;100436848246;185981726;69.58;108000
USD000UTSTOM;S;100436848246;;69.58;1392000
USDRUB_SPT;S;100436848852;;69.60;200000
USDRUB_SPT;B;100436854565;;69.58;200000
USDRUB_SPT;B;100436936416;;69.56;100000
USD000UTSTOM;B;100436939238;;69.56;188000
USD000UTSTOM;B;100436939249;;69.56;238000
USD000UTSTOM;B;100436939266;;69.56;50000
USD000UTSTOM;B;100436939830;;69.56;150000
USD000UTSTOM;B;100436940441;;69.56;88000
USD000UTSTOM;B;100436941006;;69.56;138000
USD000UTSTOM;B;100436941023;;69.56;238000
USDRUB_SPT;B;100437036153;;69.59;200000
USDRUB_SPT;B;100437036666;;69.56;200000
USDRUB_SPT;B;100437136956;;69.59;200000
USDRUB_SPT;B;100437137422;;69.57;200000
USDRUB_SPT;B;100437255543;;69.59;200000
USDRUB_SPT;B;100437255970;;69.57;200000
USDRUB_SPT;B;100437357128;;69.59;200000
USDRUB_SPT;B;100437357582;;69.57;200000
USDRUB_SPT;B;100437462481;;69.59;200000
USDRUB_SPT;B;100437462983;;69.57;200000
USDRUB_SPT;B;100437570998;;69.59;200000
USDRUB_SPT;B;100437571451;;69.58;200000
USDRUB_SPT;B;100437695715;;69.59;200000
USD000UTSTOM;S;100437916637;;69.58;1397000
USD000UTSTOM;B;100438152512;185981729;69.58;5000
USD000UTSTOM;S;100438152512;185981729;69.58;5000
USD000UTSTOM;S;100438152512;;69.58;1392000
EUR_RUB__TOM;B;100439665410;;79.61;35000
EUR_RUB__TOM;B;100443262501;;79.61;45000
USD000UTSTOM;B;100444278772;185981730;69.56;1000
USD000UTSTOM;B;100444278772;;69.56;237000
USD000UTSTOM;S;100444278772;;69.56;1000
USD000UTSTOM;S;100444278772;185981730;69.56;1000
USD000UTSTOM;S;100444278772;;69.58;1392000
USDRUB_SPT;B;100445322852;;69.57;200000
USDRUB_SPT;B;100445424391;;69.59;200000
USDRUB_SPT;B;100445424841;;69.57;200000
USDRUB_SPT;B;100445560688;;69.59;200000
USDRUB_SPT;B;100445561149;;69.57;200000
USDRUB_SPT;B;100445714019;;69.59;200000
USDRUB_SPT;B;100445714476;;69.58;200000
USDRUB_SPT;B;100445915571;;69.59;200000
USDRUB_SPT;B;100445916056;;69.58;200000
USDRUB_SPT;B;100446080920;;69.59;200000
USDRUB_SPT;B;100446081417;;69.58;200000
USDRUB_SPT;B;100446112700;;69.57;200000
USDRUB_SPT;B;100446216803;;69.59;200000
USDRUB_SPT;B;100446217270;;69.57;200000
USDRUB_SPT;B;100446317186;;69.59;200000
USDRUB_SPT;B;100446317655;;69.57;200000
USDRUB_SPT;B;100446477190;;69.59;200000
USDRUB_SPT;B;100446477665;;69.58;200000
EUR_RUB__TOM;B;100446539617;185981731;79.65;33000
EUR_RUB__TOM;B;100446539617;;79.65;67000
EUR_RUB__TOM;S;100446539617;185981731;79.65;33000
EUR_RUB__TOM;S;100446539617;;79.68;40000
USDRUB_SPT;B;100446583183;;69.59;200000
USDRUB_SPT;B;100446583644;;69.58;200000
USD000UTSTOM;S;100446618796;;69.58;2000
USDRUB_SPT;B;100446701824;;69.59;200000
USDRUB_SPT;B;100446702301;;69.58;200000
USDRUB_SPT;B;100446804383;;69.59;200000
USDRUB_SPT;B;100446804852;;69.58;200000
USDRUB_SPT;B;100446911802;;69.59;200000
EUR_RUB__TOM;B;100452032804;185981732;79.68;1000
EUR_RUB__TOM;S;100452032804;185981732;79.68;1000
EUR_RUB__TOM;S;100452032804;;79.68;39000
USD000UTSTOM;S;100453154787;;69.57;4000
USD000UTSTOM;B;100453160227;185981733;69.57;4000
USD000UTSTOM;B;100453160227;;69.57;86000
USD000UTSTOM;S;100453160227;185981733;69.57;4000
USD000UTSTOM;S;100453160227;;69.58;2000
USD000UTSTOM;B;100453215402;185981734;69.58;2000
USD000UTSTOM;B;100453215402;;69.58;165000
USD000UTSTOM;S;100453215402;185981734;69.58;2000
USD000UTSTOM;S;100453215402;;69.58;1393000
USD000UTSTOM;B;100453215402;185981735;69.58;165000
USD000UTSTOM;B;100453215402;;69.57;86000
USD000UTSTOM;S;100453215402;185981735;69.58;165000
USD000UTSTOM;S;100453215402;;69.58;1228000
USD000UTSTOM;B;100453215895;185981736;69.58;167000
USD000UTSTOM;S;100453215895;185981736;69.58;167000
USD000UTSTOM;S;100453215895;;69.58;1061000
USD000UTSTOM;B;100453661663;;69.57;90000
USD000UTSTOM;B;100453662814;;69.57;97000
EUR_RUB__TOM;B;100454006127;;79.65;68000
CNYRUB_TOM;B;100455674323;185981737;10.05;40000
CNYRUB_TOM;B;100455674323;;10.05;10000
CNYRUB_TOM;S;100455674323;;10.05;40000
CNYRUB_TOM;S;100455674323;185981737;10.05;40000
CNYRUB_TOM;S;100455674323;;10.12;234000
HKDRUB_TOM;B;100455840250;;8.29;10000
EUR_RUB__TOM;B;100455922853;185981738;79.68;39000
EUR_RUB__TOM;B;100455922853;;79.70;100000
EUR_RUB__TOM;S;100455922853;185981738;79.68;39000
EUR_RUB__TOM;S;100455922853;;79.69;100000
EUR_RUB__TOM;B;100455922853;185981739;79.69;100000
EUR_RUB__TOM;B;100455922853;;79.65;68000
EUR_RUB__TOM;S;100455922853;185981739;79.69;100000
EUR_RUB__TOM;S;100455922853;;79.70;509000
EUR_RUB__TOM;B;100455972594;185981740;79.70;4000
EUR_RUB__TOM;B;100455972594;;79.73;57000
EUR_RUB__TOM;S;100455972594;185981740;79.70;4000
EUR_RUB__TOM;S;100455972594;;79.70;505000
EUR_RUB__TOM;B;100455972594;185981741;79.70;57000
EUR_RUB__TOM;B;100455972594;;79.65;68000
EUR_RUB__TOM;S;100455972594;185981741;79.70;57000
EUR_RUB__TOM;S;100455972594;;79.70;448000
USD000UTSTOM;B;100456158671;;69.58;60000
USD000UTSTOM;S;100457188300;;69.58;1056000
EUR_RUB__TOM;S;100457461286;;79.68;30000
EUR_RUB__TOM;B;100459065084;185981742;79.68;30000
EUR_RUB__TOM;S;100459065084;185981742;79.68;30000
EUR_RUB__TOM;S;100459065084;;79.70;448000
USD000UTSTOM;B;100459306508;185981743;69.58;53000
USD000UTSTOM;S;100459306508;185981743;69.58;53000
USD000UTSTOM;S;100459306508;;69.58;1003000
USD000UTSTOM;B;100459306908;185981744;69.58;34000
USD000UTSTOM;S;100459306908;185981744;69.58;34000
USD000UTSTOM;S;100459306908;;69.58;969000
USDRUB_SPT;B;100459704982;;69.58;200000
USD000UTSTOM;B;100500852549;185981745;69.58;45000
USD000UTSTOM;S;100500852549;185981745;69.58;45000
USD000UTSTOM;S;100500852549;;69.58;924000
USD000UTSTOM;B;100500852990;185981746;69.58;28000
USD000UTSTOM;S;100500852990;185981746;69.58;28000
USD000UTSTOM;S;100500852990;;69.58;896000
USDRUB_SPT;B;100500858816;;69.59;100000
USDRUB_SPT;B;100502319427;;69.58;100000
USDRUB_SPT;B;100502549089;;69.58;100000
USDRUB_SPT;B;100502664452;;69.58;200000
USDRUB_SPT;B;100502664928;;69.58;200000
USDRUB_SPT;B;100502812888;;69.58;200000
USD000UTSTOM;B;100502999966;185981747;69.58;895000
USD000UTSTOM;B;100502999966;;69.58;1000
USD000UTSTOM;S;100502999966;185981747;69.58;895000
USD000UTSTOM;S;100502999966;;69.58;1000
USD000UTSTOM;B;100502999966;185981748;69.58;1000
USD000UTSTOM;B;100502999966;;69.58;60000
USD000UTSTOM;S;100502999966;185981748;69.58;1000
USD000UTSTOM;S;100502999966;;69.58;5000
USDRUB_SPT;S;100503000618;;69.60;100000
USD000UTSTOM;B;100503001771;185981749;69.58;5000
USD000UTSTOM;B;100503001771;;69.59;40000
USD000UTSTOM;S;100503001771;185981749;69.58;5000
USD000UTSTOM;S;100503001771;;69.59;100000
USD000UTSTOM;B;100503001771;185981750;69.59;40000
USD000UTSTOM;B;100503001771;;69.58;60000
USD000UTSTOM;S;100503001771;185981750;69.59;40000
USD000UTSTOM;S;100503001771;;69.59;60000
USDRUB_SPT;S;100503002309;;69.60;100000
USDRUB_SPT;S;100503003523;;69.61;200000
USDRUB_SPT;S;100503022663;;69.61;100000
USDRUB_SPT;S;100503760518;;69.61;200000
EUR_RUB__TOM;B;100504248718;;79.66;10000
USDRUB_SPT;B;100506006533;;69.59;100000
EUR_RUB__TOM;B;100507156523;;79.66;110000
HKDRUB_TOM;S;100508020198;;9.50;2000
USD000UTSTOM;B;100508060394;;69.58;50000
USDRUB_SPT;S;100511933398;;69.61;100000
USDRUB_SPT;B;100511936433;;69.58;100000
USDRUB_SPT;S;100512058953;;69.61;200000
USDRUB_SPT;B;100512058965;;69.59;100000
EUR_RUB__TOM;B;100512306516;;79.66;100000
EUR_RUB__TOM;B;100512436179;;79.66;10000
USDRUB_SPT;B;100512440578;;69.58;200000
USDRUB_SPT;B;100512445924;;69.58;100000
USDRUB_SPT;B;100512933228;;69.59;100000
USDRUB_SPT;B;100513485009;;69.58;200000
USDRUB_SPT;B;100513487825;;69.58;100000
USDRUB_SPT;B;100513693143;;69.58;200000
USDRUB_SPT;B;100513945066;;69.58;100000
USD000UTSTOM;S;100515516927;;69.59;65000
USDRUB_SPT;S;100516047126;;69.61;100000
USDRUB_SPT;S;100516158932;;69.61;200000
USDRUB_SPT;B;100517421560;;69.58;200000
USDRUB_SPT;S;100517653237;;69.60;100000
USDRUB_SPT;B;100517799048;;69.58;100000
USD000UTSTOM;S;100520076386;;69.59;405000
USDRUB_SPT;S;100520076941;;69.60;200000
EUR_RUB__TOM;B;100521144591;;79.66;100000
EUR_RUB__TOM;B;100521326006;;79.67;10000
USD000UTSTOM;B;100521815931;185981754;69.58;20000
USD000UTSTOM;B;100521815931;;69.58;30000
USD000UTSTOM;S;100521815931;185981754;69.58;20000
USDRUB_SPT;B;100521816535;;69.58;200000
EUR_RUB__TOM;B;100522384402;;79.66;100000
EUR_RUB__TOM;B;100522488160;;79.67;10000
EUR_RUB__TOM;B;100523464316;;79.66;100000
EUR_RUB__TOM;B;100523552937;;79.68;10000
EUR_RUB__TOM;B;100524224608;;79.66;100000
EUR_RUB__TOM;B;100524359568;;79.68;10000
EUR_RUB__TOM;B;100524984640;;79.66;100000
EUR_RUB__TOM;B;100525131664;;79.67;10000
EUR_RUB__TOM;B;100526656326;;79.66;100000
EUR_RUB__TOM;B;100526767673;;79.66;10000
EUR_RUB__TOM;B;100527379268;;79.67;60000
USD000UTSTOM;B;100527460160;185981756;69.58;2000
USD000UTSTOM;B;100527460160;;69.58;28000
USD000UTSTOM;S;100527460160;185981756;69.58;2000
EUR_RUB__TOM;B;100528527102;;79.68;10000
EUR_RUB__TOM;B;100530744612;185981757;79.70;35000
EUR_RUB__TOM;S;100530744612;185981757;79.70;35000
EUR_RUB__TOM;S;100530744612;;79.70;413000
USD000UTSTOM;S;100531292052;;69.58;88000
EUR_RUB__TOM;B;100531311899;185981758;79.70;67000
EUR_RUB__TOM;S;100531311899;185981758;79.70;67000
EUR_RUB__TOM;S;100531311899;;79.70;346000
USD000UTSTOM;B;100534021225;185981759;69.58;1000
USD000UTSTOM;S;100534021225;185981759;69.58;1000
USD000UTSTOM;S;100534021225;;69.58;87000
USD000UTSTOM;B;100535929516;185981760;69.58;28000
USD000UTSTOM;B;100535929516;;69.57;97000
USD000UTSTOM;S;100535929516;;69.58;3356000
USD000UTSTOM;S;100535929516;185981760;69.58;28000
USD000UTSTOM;S;100535929516;;69.58;3328000
USDRUB_SPT;S;100535930167;;69.60;200000
USDRUB_SPT;S;100535930703;;69.60;200000
USDRUB_SPT;S;100536030853;;69.60;200000
EUR_RUB__TOM;B;100537650051;;79.68;110000
USD000UTSTOM;B;100540023898;185981761;69.57;1000
USD000UTSTOM;B;100540023898;;69.57;96000
USD000UTSTOM;S;100540023898;185981761;69.57;1000
USD000UTSTOM;B;100540026220;;69.57;120000
USD000UTSTOM;B;100540027237;;69.57;145000
USD000UTSTOM;S;100540515607;;69.58;5000
USD000UTSTOM;B;100540525709;;69.57;120000
USD000UTSTOM;B;100540526589;;69.57;97000
USD000UTSTOM;S;100543944176;;69.58;65000
EUR_RUB__TOM;B;100546019287;185981762;79.70;5000
EUR_RUB__TOM;S;100546019287;185981762;79.70;5000
EUR_RUB__TOM;S;100546019287;;79.70;341000
EUR_RUB__TOM;B;100547652054;185981763;79.70;1000
EUR_RUB__TOM;S;100547652054;185981763;79.70;1000
EUR_RUB__TOM;S;100547652054;;79.70;340000
USD000UTSTOM;B;100550506638;185981764;69.58;5000
USD000UTSTOM;B;100550506638;;69.58;45000
USD000UTSTOM;S;100550506638;185981764;69.58;5000
USD000UTSTOM;S;100550506638;;69.58;60000
USD000UTSTOM;B;100550506638;185981765;69.58;45000
USD000UTSTOM;B;100550506638;;69.57;97000
USD000UTSTOM;S;100550506638;185981765;69.58;45000
USD000UTSTOM;S;100550506638;;69.58;15000
EUR_RUB__TOM;B;100551751522;;79.68;100000
EUR_RUB__TOM;B;100551944944;;79.68;10000
USD000UTSTOM;B;100555037009;185981766;69.57;50000
USD000UTSTOM;B;100555037009;;69.57;47000
USD000UTSTOM;S;100555037009;;69.57;50000
USD000UTSTOM;S;100555037009;185981766;69.57;50000
USD000UTSTOM;S;100555037009;;69.58;15000
USD000UTSTOM;B;100555039747;;69.57;120000
USD000UTSTOM;B;100555040881;;69.57;95000
USD000UTSTOM;B;100555538873;;69.57;120000
USD000UTSTOM;B;100555539984;;69.57;63000
EUR_RUB__TOM;B;100556642603;;79.68;100000
EUR_RUB__TOM;B;100556773753;;79.70;10000
USD000UTSTOM;B;100556787097;185981767;69.58;15000
USD000UTSTOM;B;100556787097;;69.58;13000
USD000UTSTOM;S;100556787097;185981767;69.58;15000
USD000UTSTOM;S;100556787097;;69.58;3336000
USDRUB_SPT;B;100558567761;;69.58;100000
USDRUB_SPT;B;100559108975;;69.58;100000
USDRUB_SPT;B;100559223449;;69.58;100000
USDRUB_SPT;B;100559712501;;69.58;100000
USDRUB_SPT;B;100600165350;;69.57;200000
USDRUB_SPT;B;100600167957;;69.58;100000
USDRUB_SPT;B;100600359821;;69.57;100000
EUR_RUB__TOM;B;100600360482;185981768;79.70;14000
EUR_RUB__TOM;S;100600360482;185981768;79.70;14000
EUR_RUB__TOM;S;100600360482;;79.70;326000
USDRUB_SPT;S;100600363010;;69.59;100000
USDRUB_SPT;S;100600804735;;69.60;200000
USDRUB_SPT;S;100600938230;;69.59;100000
USD000UTSTOM;B;100601614130;185981769;69.58;1000
USD000UTSTOM;B;100601614130;;69.58;12000
USD000UTSTOM;S;100601614130;185981769;69.58;1000
EUR_RUB__TOM;B;100602335994;185981770;79.70;30000
EUR_RUB__TOM;S;100602335994;185981770;79.70;30000
EUR_RUB__TOM;S;100602335994;;79.70;296000
USD000UTSTOM;B;100602439061;185981771;69.58;12000
USD000UTSTOM;B;100602439061;;69.57;30000
USD000UTSTOM;S;100602439061;;69.58;20000
USD000UTSTOM;S;100602439061;185981771;69.58;12000
USD000UTSTOM;S;100602439061;;69.58;8000
USDRUB_SPT;S;100602456257;;69.60;200000
USDRUB_SPT;S;100602459000;;69.59;100000
USDRUB_SPT;B;100603023428;;69.57;100000
USDRUB_SPT;S;100603176866;;69.59;100000
USDRUB_SPT;S;100603179626;;69.59;100000
USDRUB_SPT;S;100603285010;;69.59;100000
USDRUB_SPT;S;100603991344;;69.59;100000
USDRUB_SPT;S;100604251571;;69.59;100000
USDRUB_SPT;B;100604925399;;69.57;100000
USDRUB_SPT;B;100606207416;;69.57;100000
CNYRUB_TOM;S;100606348496;;10.06;683000
USDRUB_SPT;B;100606585384;;69.57;100000
USDRUB_SPT;S;100606867338;;69.59;100000
USDRUB_SPT;B;100606897426;;69.57;100000
USDRUB_SPT;B;100606900125;;69.57;100000
USDRUB_SPT;S;100606900160;;69.59;100000
USD000UTSTOM;B;100606940589;185981772;69.57;30000
USD000UTSTOM;B;100606940589;;69.57;59000
USD000UTSTOM;S;100606940589;;69.57;500000
USD000UTSTOM;S;100606940589;185981772;69.57;30000
USD000UTSTOM;S;100606940589;;69.57;470000
USDRUB_SPT;S;100606999956;;69.59;200000
USDRUB_SPT;S;100607000419;;69.59;200000
USDRUB_SPT;S;100607103958;;69.59;200000
EUR_RUB__TOM;B;100607287197;185981773;79.70;4000
EUR_RUB__TOM;B;100607287197;;79.70;6000
EUR_RUB__TOM;S;100607287197;;79.70;4000
EUR_RUB__TOM;S;100607287197;185981773;79.70;4000
EUR_RUB__TOM;S;100607287197;;79.70;296000
USD000UTSTOM;B;100608154258;185981774;69.57;10000
USD000UTSTOM;B;100608154258;;69.57;49000
USD000UTSTOM;S;100608154258;185981774;69.57;10000
USD000UTSTOM;B;100610023813;185981775;69.57;1000
USD000UTSTOM;S;100610023813;185981775;69.57;1000
USD000UTSTOM;S;100610023813;;69.57;469000
EUR_RUB__TOM;B;100610939439;185981776;79.70;6000
EUR_RUB__TOM;B;100610939439;;79.68;100000
EUR_RUB__TOM;S;100610939439;;79.70;7000
EUR_RUB__TOM;S;100610939439;185981776;79.70;6000
EUR_RUB__TOM;S;100610939439;;79.70;1000
USD000UTSTOM;B;100612643866;185981777;69.57;49000
USD000UTSTOM;B;100612643866;;69.56;56000
USD000UTSTOM;S;100612643866;;69.56;500000
USD000UTSTOM;S;100612643866;185981777;69.57;49000
USD000UTSTOM;S;100612643866;;69.56;451000
USD000UTSTOM;B;100612643866;185981778;69.56;55000
USD000UTSTOM;B;100612643866;;69.56;1000
USD000UTSTOM;S;100612643866;185981778;69.56;55000
USD000UTSTOM;S;100612643866;;69.56;396000
USD000UTSTOM;B;100612643866;185981779;69.56;1000
USD000UTSTOM;B;100612643866;;69.56;49000
USD000UTSTOM;S;100612643866;185981779;69.56;1000
USD000UTSTOM;S;100612643866;;69.56;395000
USD000UTSTOM;B;100612643866;185981780;69.56;49000
USD000UTSTOM;B;100612643866;;69.56;87000
USD000UTSTOM;S;100612643866;185981780;69.56;49000
USD000UTSTOM;S;100612643866;;69.56;346000
USDRUB_SPT;B;100612644693;;69.56;100000
USDRUB_SPT;S;100612644700;;69.58;200000
USDRUB_SPT;S;100612645427;;69.58;200000
USDRUB_SPT;B;100612645680;;69.56;200000
USDRUB_SPT;B;100612647831;;69.56;100000
USDRUB_SPT;S;100612746947;;69.58;200000
USDRUB_SPT;S;100612747421;;69.58;200000
USDRUB_SPT;S;100612849275;;69.58;200000
USDRUB_SPT;S;100612849757;;69.58;200000
USDRUB_SPT;S;100612951811;;69.58;200000
USDRUB_SPT;B;100613298141;;69.56;100000
USD000UTSTOM;B;100618678817;185981782;69.56;30000
USD000UTSTOM;B;100618678817;;69.56;57000
USD000UTSTOM;S;100618678817;185981782;69.56;30000
USD000UTSTOM;B;100619316528;185981783;69.56;57000
USD000UTSTOM;B;100619316528;;69.55;306000
USD000UTSTOM;S;100619316528;;69.55;500000
USD000UTSTOM;S;100619316528;185981783;69.56;57000
USD000UTSTOM;S;100619316528;;69.55;443000
USD000UTSTOM;B;100619316528;185981784;69.55;300000
USD000UTSTOM;B;100619316528;;69.55;6000
USD000UTSTOM;S;100619316528;185981784;69.55;300000
USD000UTSTOM;S;100619316528;;69.55;143000
USD000UTSTOM;B;100619316528;185981785;69.55;6000
USD000UTSTOM;B;100619316528;;69.55;600000
USD000UTSTOM;S;100619316528;185981785;69.55;6000
USD000UTSTOM;S;100619316528;;69.55;137000
USD000UTSTOM;B;100619316528;185981786;69.55;137000
USD000UTSTOM;B;100619316528;;69.55;463000
USD000UTSTOM;S;100619316528;185981786;69.55;137000
USD000UTSTOM;S;100619316528;;69.56;346000
USDRUB_SPT;B;100619317138;;69.56;100000
USDRUB_SPT;B;100619318101;;69.56;100000
USDRUB_SPT;B;100619420098;;69.56;200000
USDRUB_SPT;B;100619613578;;69.56;100000
USD000UTSTOM;B;100621697491;185981787;69.56;14000
USD000UTSTOM;S;100621697491;185981787;69.56;14000
USD000UTSTOM;S;100621697491;;69.56;332000
EUR_RUB__TOM;B;100623350779;;79.69;1000
USD000UTSTOM;S;100623443806;;69.57;100000
USDRUB_SPT;S;100623444220;;69.58;100000
USD000UTSTOM;S;100623444392;;69.58;100000
USDRUB_SPT;B;100623447080;;69.56;200000
USDRUB_SPT;S;100623447108;;69.59;100000
USDRUB_SPT;B;100623680217;;69.56;100000
USDRUB_SPT;S;100623680234;;69.59;100000
USD000UTSTOM;S;100623970611;;69.56;1000000
USDRUB_SPT;S;100623971150;;69.58;200000
USDRUB_SPT;S;100623971606;;69.59;200000
USDRUB_SPT;B;100623973927;;69.56;200000
USDRUB_SPT;S;100624081039;;69.58;200000
USDRUB_SPT;S;100624081493;;69.58;200000
USDRUB_SPT;S;100624197814;;69.58;200000
USDRUB_SPT;S;100624198286;;69.58;200000
USDRUB_SPT;S;100624313811;;69.58;200000
USDRUB_SPT;S;100624314268;;69.58;200000
USDRUB_SPT;S;100624422003;;69.58;200000
USDRUB_SPT;B;100624635213;;69.56;100000
USDRUB_SPT;B;100625431616;;69.56;200000
EUR_RUB__TOM;B;100629274648;;79.70;20000
USD000UTSTOM;B;100630283442;185981789;69.56;334000
USD000UTSTOM;S;100630283442;185981789;69.56;334000
USD000UTSTOM;S;100630283442;;69.56;666000
EUR_RUB__TOM;B;100630391106;185981790;79.70;1000
EUR_RUB__TOM;B;100630391106;;79.70;72000
EUR_RUB__TOM;S;100630391106;185981790;79.70;1000
EUR_RUB__TOM;S;100630391106;;79.70;298000
EUR_RUB__TOM;B;100630391106;185981791;79.70;72000
EUR_RUB__TOM;B;100630391106;;79.70;20000
EUR_RUB__TOM;S;100630391106;185981791;79.70;72000
EUR_RUB__TOM;S;100630391106;;79.70;226000
USD000UTSTOM;B;100632967087;185981792;69.55;363000
USD000UTSTOM;B;100632967087;;69.55;100000
USD000UTSTOM;S;100632967087;;69.55;385000
USD000UTSTOM;S;100632967087;185981792;69.55;363000
USD000UTSTOM;S;100632967087;;69.55;22000
